2488 3210
1316 247 1386 274 xlv
1413 283 1419 285 ‚

250 348 407 384 rumque·
424 336 599 371 librorum
626 332 873 380 explicationes
901 331 1126 379 perquirere,
1159 342 1267 378 quam
1292 331 1332 368 in
1357 331 1513 376 legendis
1538 332 1791 378 scriptoribus,
1810 340 1851 368 ut
1867 344 1978 368 novas
1995 332 2192 368 invenirem
2209 333 2436 379 significatio-

250 416 333 445 nes,
366 411 504 449 tempus
529 411 735 436 consumere
761 398 872 434 ratius
898 398 994 435 duxi,
1070 397 1111 433 Si
1145 398 1313 443 probatae
1338 395 1431 432 mihi
1453 398 1667 434 videbantur
1689 397 1980 443 significationes,
2030 399 2147 437 nudas
2172 411 2230 435 eas
2254 399 2441 446 'adscripdp

250 470 305 504 sin
322 470 460 511 minus,
485 468 593 502 verba
613 465 765 501 auctoris
781 465 914 500 addidi.
2037 460 2046 465 “

400 544 563 579 Tertium
600 548 669 584 est,
713 540 809 588 quod
843 537 1090 585 lexicographo
1117 540 1378 574 observandum
1404 540 1565 583 videtur,
1611 548 1651 576 ut
1681 548 1841 576 accurate
1868 548 1972 588 atque
1997 539 2172 584 dilucide,
2214 553 2290 579 non
2311 541 2442 578 multis'

250 613 311 648 sed
336 611 388 646 rei
404 608 603 659 ‘aptissimis
627 607 746 642 verbis
770 606 1040 658 significationes
1068 605 1232 648 definiat,
1264 617 1310 640 ne
1334 606 1408 640 ulla
1434 606 1564 651 legenti
1588 608 1633 642 de
1659 619 1764 643 sensu
1793 607 1968 653 dubitatio
1998 607 2240 655 relinquatur3
2287 606 2438 655 plurimi·
2467 644 2472 648 ,

251 678 349 714 euim
375 675 535 711 existimo
563 675 730 709 interesse
755 673 801 707 ad
826 673 1006 718 scriptoris
1031 672 1139 707 verba
1164 679 1257 708 recte
1283 672 1532 717 intelligenda,
1563 673 1834 718 significationes
1859 665 1879 708 a
1903 671 2149 720 lexicographo
2177 673 2338 711 definitas
2356 676 2436 710 ὠὴ
2484 704 2488 708 .

250 753 355 789 vagas
380 754 474 784 esse,
512 741 572 775 sed
599 746 758 775 accurate
783 746 818 774 et
841 739 1007 773 distincte
1037 738 1236 788 explicatas.
1296 737 1450 773 Id‘vero
1475 751 1588 786 quum
1614 740 1654 774 in
1679 752 1819 787 quaque
1846 739 1967 785 lingua
1993 740 2245 775 difficillimum
2254 740 2337 784 sit,
2356 737 2442 777 mss

251 812 296 845 ab
324 822 384 851 eo,
418 807 482 855 qui
507 806 644 842 lexicon
664 803 860 841 Arabicum
884 804 1095 847 conscribit,
1135 805 1174 839 in
1199 798 1365 840 omnibus
1392 805 1467 839 sine
1484 806 1557 840 ulla
1577 806 1781 853 exceptione
1796 807 1979 841 vocabulis
1995 818 2060 841 nec
2080 806 2171 851 exigi
2187 813 2302 853 potest
2318 818 2434 854 neque

250 875 431 923 praestari.
504 872 602 917 Quid
637 871 734 919 quod
770 871 839 917 ipsi
865 869 1001 907 Arabes
1035 871 1074 906 in
1107 871 1301 906 multarum
1325 883 1453 906 vocum
1479 871 1732 916 significatione
1758 873 1958 907 definienda
1983 873 2149 908 dubitant
2174 880 2209 909 et
2233 871 2437 909 l'taesitnnt‘?
2453 891 2462 894 -

248 941 416 983 Accedit,
453 940 550 986 quod
573 938 625 974 rci
651 937 839 972 difficultas
864 937 1019 971 multum
1043 945 1191 982 augetur
1215 950 1327 984 quum
1352 938 1450 972 vocis
1466 927 1713 983 ambiguitate,
1746 945 1822 973 tum
1848 945 1969 973 nostra
1986 939 2180 975 multarum
2194 948 2315 975 rerum
2331 939 2436 985 igno-

250 1008 376 1044 rantia.
437 1004 529 1040 Voci
554 1003 726 1040 Arabicae
752 1002 848 1050 85:5⁶³,
880 1010 920 1038 ut
946 1004 1068 1049 paucis
1093 1015 1169 1039 rem
1195 996 1422 1049 patefaciam,
1456 1004 1658 1040 tribuenda
1670 1011 1722 1040 est
1747 1005 1953 1050 significatio
1977 1002 2133 1053 plantae
2159 1000 2338 1048 cuiusvis,
2370 1017 2434 1043 cu-

248 1075 306 1110 ius
338 1082 462 1122 snper»
482 1075 617 1106 terram
650 1067 770 1105 elatus
795 1073 946 1104 truncus
973 1068 1098 1104 varios
1124 1069 1164 1106 in
1190 1073 1314 1105 acf‘rem
1343 1066 1496 1104 dimittit
1527 1081 1670 1111 ramos,
1721 1071 1874 1106 maxime
1900 1067 2057 1106 arboris.
2134 1061 2243 1116 Quod
2269 1071 2300 1106 si
2325 1071 2436 1116 igitur·

250 1139 412 1176 Arabum
435 1135 675 1183 lexicographi
707 1143 768 1171 aut
793 1136 952 1183 plantam
977 1145 1038 1172 aut
1064 1137 1246 1179 arborem,
1284 1133 1374 1170 mihi
1399 1137 1505 1182 plane
1522 1137 1698 1190 ignotam,
1735 1150 1820 1172 voce
1844 1137 1922 1184 8,-ᾤῶ
1947 1137 2150 1182 designant,
2191 1137 2293 1184 quid
2302 1134 2433 1185 qrfflso

250 1214 365 1253 potest
402 1217 474 1240 esse
511 1216 653 1246 causae,
698 1215 762 1238 cur
795 1215 906 1237 unam
930 1207 992 1237 aut
1016 1203 1164 1238 alteram
1188 1203 1285 1237 vocis
1313 1203 1605 1247 significationem
1626 1204 1846 1249 praeferam?
1914 1201 2075 1238 Arabum
2100 1210 2218 1239 autem
2241 1203 2436 1249 lexicogra-

246 1272 360 1320 phos,
405 1283 516 1318 quum
543 1277 577 1305 et
604 1270 671 1317 ipsi
699 1275 860 1303 accurata
884 1281 1006 1304 rerum
1031 1269 1232 1314 cognitione
1257 1276 1433 1311 carerent,
1480 1281 1546 1304 nec
1575 1277 1736 1304 accurate
1761 1281 1876 1316 neque
1895 1270 2057 1305 ‘dilucide
2081 1270 2168 1305 tales
2192 1281 2249 1305 res
2277 1270 2435 1316 potuisse

189 1354 203 1361 ν
249 1340 416 1380 definire,
451 1337 530 1387 quis
557 1342 626 1379 est,
658 1336 721 1383 qui
746 1348 820 1370 non
845 1335 988 1370 videat?
1045 1335 1119 1370 Nec
1145 1347 1229 1370 vero
1255 1342 1305 1370 est
1328 1335 1449 1371 minor
1474 1335 1662 1371 difficultas
1687 1337 1728 1371 in
1747 1336 1994 1377 ¹describendis
2018 1336 2188 1374 membris
2203 1334 2434 1384 partibusque
2471 1335 2475 1338 ⁴

249 1405 407 1452 corporis
431 1411 509 1438 tum
536 1403 574 1438 in
599 1400 765 1445 homine,
797 1408 874 1437 tum
900 1402 940 1436 in
965 1414 1076 1449 equo,
1112 1402 1244 1437 camelo
1267 1402 1481 1448 eaeterisque
1506 1403 1739 1445 animalibus,
1769 1403 1900 1449 partim
1921 1403 2016 1437 enim
2032 1402 2217 1448 ambiguae
2235 1409 2318 1438 sunt
2331 1413 2435 1438 voees

252 1471 445 1512 Arabicae,
486 1469 601 1516 qualis
627 1476 678 1504 cst
702 1481 770 1503 vox
796 1477 879 1522 435:
904 1475 978 1503 tam
1005 1479 1131 1502 venam
1163 1481 1285 1515 quam·
1299 1479 1446 1502 nervum
1471 1469 1679 1516 designans,
1724 1468 1855 1515 partim
1889 1469 2123 1514 negligentius
2151 1481 2171 1504 a
2199 1468 2435 1514 gramman‘eis

252 1538 466 1584 descriptae,
500 1548 607 1582 quam
637 1547 727 1582 quae
753 1547 774 1569 a
800 1535 904 1569 nobis
929 1542 1088 1570 accurate
1114 1535 1338 1571 definiantur.
1372 1541 1385 1544 ”
1405 1532 1454 1569 Et
1477 1535 1632 1570 breviter
1661 1542 1800 1570 tantum
1824 1542 1966 1580 tangere
1993 1533 2058 1570 has
2082 1536 2175 1581 ipsas
2200 1546 2257 1570 res
2279 1543 2435 1570 'conme-

250 1611 381 1639 vemnt
405 1600 569 1638 Arabum
597 1602 793 1647 scriptores..
853 1600 929 1635 Iam
951 1613 1038 1636 vero
1065 1609 1238 1648 quantum
1268 1601 1373 1635 distat
1401 1601 1523 1645 lingua
1551 1599 1706 1638 Arabica
1731 1602 1776 1636 ab
1795 1613 1854 1647 ea,
1905 1613 1968 1648 per
1997 1614 2106 1648 quam
2130 1588 2332 1648 interpretiss
2352 1612 2436 1641 mue

249 1683 334 1706 nere
355 1669 458 1714 fungi
483 1667 670 1703 debemus!
708 1679 815 1714 quam
839 1667 971 1701 diversi
995 1675 1078 1703 sunt
1103 1680 1220 1702 mores
1245 1674 1387 1713 totaque
1412 1674 1447 1702 et
1473 1667 1650 1702 sentiendi
1674 1674 1708 1703 et
1736 1667 1913 1712 cogitandi
1938 1674 1973 1703 et
1997 1667 2170 1713 loquen‘di
2187 1667 2280 1702 ratio
2298 1665 2436 1704 Rom-³

249 1748 379 1772 norum
414 1736 459 1770 ab
483 1747 543 1777 ea,
579 1745 670 1781 quae
692 1735 787 1779 apud
808 1731 946 1768 Arabes
969 1734 1041 1769 est!
1104 1733 1158 1769 Ita
1185 1734 1243 1776 fit,
1288 1740 1330 1768 ut
1362 1745 1438 1768 non
1472 1734 1589 1768 solum
1624 1733 1773 1778 singulis
1806 1719 1953 1768 {acibus
1990 1732 2271 1778 interpretandis*
2298 1734 2436 1780 saepius

250 1803 369 1838 desint
391 1808 470 1847 apta
496 1801 536 1835 in
559 1801 681 1845 lingua
705 1800 816 1835 latina
837 1801 966 1842 verba,
997 1812 1123 1835 verum
1146 1800 1273 1842 etiam,
1300 1805 1342 1834 ut
1362 1806 1456 1834 totae
1473 1811 1529 1834 res
1549 1799 1589 1834 in
1606 1800 1682 1846 ipsa
1695 1799 1817 1844 lingua
1835 1797 1989 1835 Arabica
2002 1799 2140 1838 facilius
2157 1799 2308 1845 intelligi
2326 1812 2436 1847 qnam

251 1870 291 1903 iu
319 1869 435 1903 aliena
459 1868 582 1911 lingua
607 1866 788 1912 explanari
813 1866 959 1912 possint.
1037 1865 1109 1901 Ubi
1144 1867 1252 1911 igitur
1276 1877 1332 1900 res
1362 1873 1424 1900 aut
1448 1866 1559 1901 dubia
1584 1872 1646 1900 aut
1672 1873 1832 1900 accurate
1855 1866 1951 1901 dictu
1977 1866 2085 1901 nimis
2111 1865 2265 1900 difficilis
2286 1866 2436 1902 videba-

250 1943 331 1976 tur,
353 1931 507 1968 Arabica
540 1933 668 1967 addere
698 1932 842 1978 placuit.
910 1930 1117 1978 Eademque
1152 1944 1275 1974 causa,
1321 1944 1432 1978 quum
1460 1932 1513 1966 rei
1541 1932 1660 1977 potius
1684 1943 1791 1978 quam
1817 1932 2008 1969 verborum
2033 1929 2198 1966 habenda
2221 1937 2311 1966 esset
2331 1933 2436 1975 tatio,

250 2001 392 2047 impulit
415 2007 457 2034 ut
482 1999 521 2033 in
536 1999 729 2033 verborum
749 1998 1038 2043 interpretatione
1058 2010 1079 2033 a
1095 1997 1344 2034 Romanorum
1361 1999 1538 2050 'loquendi
1563 1998 1670 2032 modo
1693 2009 1768 2032 non
1793 2007 1874 2031 raro
1891 1998 2108 2040 recederem,
2145 1997 2204 2033 cui
2220 1998 2275 2033 rei
2293 1998 2436 2034 veniam

249 2069 335 2102 dent
365 2067 512 2102 lectores
536 2065 701 2100 benevoli
712 2064 719 2099 !

404 2141 541 2187 Quarta
566 2132 702 2184 autem,
741 2153 831 2188 quae
853 2147 979 2183 restat,
1020 2138 1266 2186 lexicographo
1294 2140 1443 2175 minime
1469 2140 1679 2185 negligenda
1703 2151 1778 2182 res,
1824 2139 1862 2176 in
1890 2152 1931 2174 eo
1955 2139 2067 2193 posita
2092 2145 2166 2183 est,
2220 2147 2262 2176 ut
2286 2141 2332 2176 sit
2354 2147 2436 2183 ver-

251 2212 381 2246 borum
412 2216 517 2255 atque
551 2207 848 2252 significationum
869 2215 971 2253 aptus
995 2208 1094 2243 ordo.
1169 2206 1308 2252 Duplex
1340 2207 1379 2241 in
1403 2207 1521 2242 verbis
1535 2204 1775 2252 ¹disponendis
1797 2203 1961 2240 adhiberi
1987 2208 2102 2252 potest
2126 2206 2255 2242 modus
2278 2213 2314 2243 et
2335 2207 2435 2250 ordo,

250 2288 354 2315 unusv
370 2283 411 2311 ut
437 2275 562 2310 seriem
589 2274 788 2308 litterarum
813 2285 1022 2320 sequamur,
1064 2274 1172 2316 alter,
1210 2281 1252 2308 ut
1275 2274 1423 2318 originis
1456 2270 1578 2307 habita
1603 2273 1761 2315 ratione,
1795 2273 1991 2320 quamlibet
2015 2283 2140 2307 vocem
2162 2270 2294 2315 radici,
2326 2285 2346 2308 e
2365 2279 2438 2321 qna

245 2343 426 2388 ‚originem
451 2341 612 2382 duxerit,
647 2340 890 2385 adiungamus.
950 2339 1017 2374 Illa
1041 2340 1254 2385 disponendi
1281 2341 1372 2375 ratio
1396 2339 1558 2387 quamvis
1581 2339 1721 2374 facilior
1746 2345 1798 2373 est
1824 2345 1857 2373 et
1882 2339 2076 2385 quaerendi
2099 2339 2298 2376 molestiam
2321 2338 2436 2375 utenti

251 2410 362 2451 levat,
404 2415 524 2443 tamen
558 2406 659 2441 alteri
683 2400 912 2452 praeferenda
937 2417 1012 2440 non
1037 2407 1189 2443 videtur.
1239 2406 1336 2441 Haec
1362 2407 1458 2441 enim
1484 2406 1602 2440 statim
1627 2406 1673 2440 ab
1698 2396 1802 2439 initio
1828 2399 2021 2453 discentem
2043 2417 2154 2452 quum
2181 2399 2286 2442 duent
2303 2406 2349 2440 ad
2370 2417 2438 2441 vo-
2476 2438 2479 2443 ,

251 2487 333 2510 cum
367 2474 541 2519 orig-inem
574 2480 610 2508 et
643 2473 939 2518 significationum
963 2484 1084 2507 causas
1108 2473 1346 2517 indagandas,
1394 2473 1602 2519 doceatque,
1652 2483 1760 2518 quam
1793 2471 1833 2505 in
1857 2471 2053 2506 formandis
2077 2471 2224 2507 vocibus
2249 2477 2367 2507 secuta
2387 2471 2438 2507 sit

250 2527 373 2586 lingua
394 2541 586 2582 rationem,
611 2547 687 2574 tum
701 2540 911 2573 memoriam
932 2539 1085 2573 multum
1110 2540 1263 2574 adiuvat,
1322 2537 1401 2573 Etsi
1424 2551 1509 2573 vero
1535 2550 1611 2573 non
1636 2523 1786 2572 eandem
1809 2534 1897 2572 haec
1921 2537 1962 2572 in
1984 2537 2189 2582 quaerendo
2214 2538 2359 2584 praebet
2381 2536 2437 2573 fa-

251 2607 439 2648 cilitatem,
476 2606 554 2640 fieri
579 2606 675 2640 enim
699 2613 829 2652 potest,
862 2612 903 2639 ut
929 2617 1019 2652 quae
1046 2605 1091 2639 sit
1116 2605 1212 2639 vocis
1236 2605 1356 2650 origo,
1389 2605 1552 2639 dubitare
1576 2605 1699 2646 liceat,
1731 2611 1869 2646 tamen,
1901 2609 1955 2638 tot
1980 2610 2015 2638 et
2040 2609 2137 2639 tanta
2160 2606 2272 2652 quum
2287 2603 2437 2641 discenti

250 2680 350 2718 paret
374 2672 575 2714 commoda,
609 2672 648 2706 in
668 2672 760 2706 libro
789 2684 869 2707 meo
896 2669 1138 2706 adhibendam
1162 2672 1302 2717 putavi,
1335 2682 1479 2717 sperans
1503 2671 1598 2712 fore,
1631 2676 1673 2705 ut
1691 2681 1782 2716 quae
1800 2664 1859 2704 vel
1874 2669 1994 2704 minus
2014 2670 2201 2715 probanda
2215 2670 2435 2714 actitabant,

252 2738 512 2774 excusationem
543 2739 602 2772 vel
636 2738 848 2773 necessitatis
884 2738 944 2772 vel
979 2738 1254 2784 opportunitatis
1279 2735 1461 2773 haberent.
1511 2735 1607 2771 Huic
1632 2737 1743 2779 alter,
1783 2736 1847 2782 qui
1878 2736 2037 2783 sequitur
2071 2735 2269 2772 litterarum
2298 2736 2453 2780 seriem,

252 2806 461 2840 subiunctus
487 2812 539 2839 est
564 2805 671 2847 ordo,
714 2811 754 2838 ut
781 2816 870 2852 quae
896 2816 916 2838 e
941 2802 1059 2839 radice
1085 2805 1299 2839 derivandae
1323 2810 1442 2838 essent
1464 2814 1583 2845 voces,
1627 2813 1687 2837 eae
1707 2803 1753 2837 in
1777 2803 1976 2837 litterarum
2001 2802 2128 2837 seriem
2153 2797 2435 2848 disponerentufi

250 2871 331 2915 Qua
358 2873 396 2905 in
416 2883 455 2905 re
480 2882 586 2916 quam
612 2883 673 2916 ego
699 2871 793 2905 viam
816 2871 993 2914 ingressus
1022 2871 1109 2912 sim,
1145 2871 1268 2916 paucis
1293 2870 1485 2904 dicendum
1510 2869 1662 2906 videtur.
1713 2868 1875 2904 Primum
1901 2869 1939 2903 id
1965 2868 2104 2910 studui,
2128 2875 2168 2904 ut
2186 2878 2276 2915 quae
2298 2868 2436 2914 origine
