2488 3210
93 581 106 599 ·’
129 583 543 641 HTrERARUM
588 579 1009 628 ARABICARUM
1058 576 1372 635 STUDlOSIS
1420 575 1813 622 FAUTORIBUS
1862 576 2185 627 PATRONIS

1048 703 1082 734 s.
1109 697 1113 701 ’
1141 692 1180 732 Ρ.
1237 702 1280 732 D.
1444 692 1449 694 “

790 798 837 837 G.
901 799 973 838 vv.
1036 772 1529 835 rREYTAG.

73 1139 280 1216 Codunti
292 1165 384 1203 mihi
398 1179 647 1213 saepenumero
663 1173 698 1201 et
711 1166 968 1208 consideranti,
1002 1178 1159 1212 quonam
1180 1165 1407 1212 potissimum
1425 1164 1557 1199 auxilio
1574 1164 1715 1209 linguae
1732 1161 1906 1198 Arabicae
1919 1163 2078 1199 studium
2091 1164 2264 1212 iuvantem,

69 1239 126 1278 nil
137 1235 230 1274 mihi
242 1242 305 1275 aut
321 1235 437 1272 maius
451 1242 513 1270 aut
527 1235 652 1270 utilius
666 1234 783 1268 visum
799 1240 867 1276 est,
894 1245 1001 1280 quam
1017 1234 1120 1268 edere
1133 1233 1273 1268 lexicon
1287 1229 1495 1282 Arabicum.
1546 1231 1665 1267 Multa
1679 1232 1776 1266 enim
1789 1223 1901 1278 quum
1916 1231 1988 1266 sint
1999 1229 2107 1266 huius
2120 1231 2263 1276 linguae

70 1295 247 1347 subidit,
278 1310 357 1339 tum
375 1303 468 1338 illud
489 1301 654 1348 inprimis
676 1300 932 1343 necessarium,
960 1307 1002 1336 ut
1023 1301 1069 1335 ad
1085 1301 1278 1335 verborum
1293 1311 1413 1334 sensus
1429 1298 1647 1334 discentibus
1669 1299 1810 1345 patefiat
1827 1298 1954 1334 aditus.
2006 1297 2089 1342 Quo
2107 1297 2266 1334 subsidio

68 1379 286 1423 *mquam
306 1367 477 1405 hactenus
495 1381 571 1404 non
593 1367 741 1403 omnino
766 1368 961 1411 caruimus,
993 1375 1112 1403 tamen
1134 1367 1246 1402 lexica
1269 1363 1424 1401 Arabica
1444 1362 1513 1402 hoc
1536 1366 1683 1412 quidem
1703 1373 1862 1411 tempore
1891 1371 1974 1400 sunt
1993 1371 2067 1399 tam
2088 1378 2189 1408 rara,
2227 1372 2267 1399 ut

0 1446 10 1471 ζ
68 1439 180 1477 diu·
197 1446 345 1484 magnos
357 1437 389 1472 si
403 1436 483 1484 quis
498 1442 634 1471 sumtus
647 1447 779 1481 ponere
795 1435 900 1478 velit,
932 1447 1057 1469 eorum
1072 1433 1288 1480 comparatio
1304 1431 1434 1477 haheat
1463 1444 1635 1478 magnam
1645 1432 1901 1469 difficultatem.
1957 1430 2034 1477 Ego
2047 1445 2133 1467 vero
2148 1445 2223 1467 non
2238 1433 2268 1466 is

5 1531 11 1539 .
69 1512 191 1548 mn,
217 1503 282 1552 qui
295 1504 354 1539 vel
367 1503 484 1539 laudis
501 1502 618 1538 studio
634 1503 819 1548 abreptus,
842 1502 900 1536 vel
913 1501 1027 1536 nimio
1039 1501 1113 1535 mei
1128 1513 1248 1536 amore
1264 1507 1463 1535 occaecatus
1477 1507 1575 1535 tanta
1591 1507 1734 1546 tamque
1749 1499 1887 1534 difficili
1903 1500 1943 1534 in
1959 1512 1998 1534 re
2012 1500 2090 1535 leve
2104 1512 2266 1546 caperem

70 1571 273 1619 mutilium.
307 1570 479 1606 Videram
493 1567 601 1605 huius
616 1569 670 1604 rei
683 1569 957 1615 amplitudinem
972 1575 1007 1603 et
1022 1565 1245 1604 horrueram.
1294 1566 1459 1602 Multum*
1470 1567 1580 1612 igitur
1598 1574 1632 1615 et
1647 1567 1711 1602 diu
1728 1579 1840 1614 quum
1853 1565 2080 1601 haesitassem
2089 1594 2099 1610 ,
2122 1574 2269 1612 urgente

6 1629 9 1631 .
42 1672 48 1678 .
66 1623 165 1676 *m
179 1635 402 1680 necessitate,
434 1635 776 1682 adhortantibusque
798 1636 844 1670 ad
865 1647 956 1681 opus
976 1635 1243 1680 suscipiendum
1264 1634 1403 1677 amicis,
1437 1646 1478 1669 eo
1499 1622 1643 1669 tandem
1659 1636 1849 1680 perductus
1866 1646 1964 1676 sum,
1988 1640 2030 1669 ut
2045 1634 2269 1669 cunctatione

73 1705 212 1742 abiuth
232 1705 279 1740 ad
299 1704 414 1750 ipsam
432 1715 510 1738 rem
531 1703 742 1739 accederet.
800 1701 923 1748 Neque
945 1709 1065 1737 tamen
1088 1714 1200 1748 quum
1220 1713 1310 1747 opus
1329 1713 1653 1752 aggressus‘essem,
1679 1702 1773 1736 curis
1788 1702 1902 1736 anxiis
1917 1702 2010 1736 liber
2023 1709 2097 1736 erat
2112 1701 2268 1743 animus3

71 1772 224 1808 verebar
242 1765 359 1813 enim,
386 1781 432 1804 ne
453 1775 516 1804 aut
537 1776 694 1815 tempore
709 1769 888 1811 exclusus,
921 1768 1019 1815 quod
1040 1781 1105 1814 pro
1121 1768 1175 1802 rei
1187 1768 1434 1812 magnitudine
1451 1768 1558 1803 nimis
1574 1775 1764 1814 angustum
1776 1770 2047 1815 praescripserat
2059 1768 2270 1814 bibliopola,

73 1845 254 1886 opusvno'n
266 1836 503 1878 absolverem,
527 1842 606 1878 aut,
631 1835 662 1870 si
674 1835 923 1877 absolvissem,
939 1836 986 1870 ob
1008 1835 1158 1869 nimiam
1172 1835 1212 1869 in
1225 1835 1439 1881 perficiendo
1456 1836 1718 1871 festinationem
1733 1836 1951 1871 incurrerem
1968 1836 2008 1870 in
2022 1833 2271 1881 reprehensio-

73 1913 139 1942 m
157 1904 321 1940 vitorum
335 1899 539 1944 doctorum,
565 1901 628 1948 qui
648 1902 815 1936 omnibus
835 1902 993 1937 numeris
1011 1902 1206 1947 perfectum
1218 1901 1249 1935 si
1267 1908 1413 1947 propter
1426 1902 1534 1936 nimis
1549 1894 1741 1953 angustum
1754 1903 1924 1949 temporis
1940 1903 2094 1949 spatium
2116 1902 2175 1937 edi
2195 1914 2271 1936 non

73 1971 202 2020 ponit,
232 1975 349 2006 totum
369 1968 604 2003 omittendum
624 1969 783 2005 suadent.
834 1967 907 2004 Nec
928 1981 1013 2003 vero
1033 1968 1288 2014 vituperandus
1308 1966 1400 2003 mihi
1418 1969 1559 2004 videtur
1574 1970 1631 2004 vir
1646 1970 1706 2004 ille
1724 1967 1993 2010 honestissimus
2009 1970 2054 2004 de
2071 1969 2270 2015 evulgando

73 2036 144 2075 hu:
158 2047 266 2084 opere
279 2035 438 2078 meritus,
451 2035 548 2082 quod
562 2047 619 2070 me
631 2042 709 2070 tum
728 2035 774 2070 ad
786 2035 1027 2070 festinandum
1039 2035 1230 2081 impulerit,
1245 2042 1322 2070 tum
1337 2036 1382 2071 ab
1398 2049 1503 2082 opere
1519 2037 1627 2071 nimis
1641 2038 1861 2072 extendendo
1876 2037 2104 2074 revocaverit.
2142 2035 2272 2072 Nonne

63 2104 276 2150 ‚timendum
291 2102 407 2145 enirn,
435 2114 499 2145 ne,
531 2102 562 2137 si
581 2102 688 2137 nimis
705 2091 910 2146 accrevisset
925 2102 1034 2144 liber,
1059 2102 1162 2148 pauci
1175 2109 1315 2137 tantum
1331 2103 1378 2137 ob
1394 2110 1530 2139 sumtus
1545 2111 1666 2139 auctos
1681 2112 1830 2140 emtores
1845 2104 2096 2150 reperirentur,
2122 2116 2215 2146 non,
2227 2136 2229 2138 a
2243 2104 2273 2137 si

73 2171 212 2211 tardior
221 2181 340 2207 moras
355 2170 522 2211 facerem,
545 2181 592 2204 ne
606 2169 697 2204 alius
711 2169 791 2216 quis
806 2169 921 2204 simile
935 2170 1023 2216 quid
1039 2169 1175 2204 edendo
1189 2170 1433 2215 praeveniret?
1482 2170 1606 2218 Neque
1620 2184 1705 2206 vero
1719 2184 1811 2206 vana
1831 2184 1976 2218 prorsus
1998 2171 2068 2206 suit
2087 2169 2173 2206 haec
2190 2183 2273 2205 cau-

14 2267 18 2270 <
74 2238 137 2276 tio.
161 2236 256 2273 Nam
270 2247 382 2284 quum
395 2235 513 2271 statim
526 2243 608 2282 post
622 2236 755 2273 laboris
770 2236 921 2282 suscepti
936 2236 1083 2272 initium
1097 2248 1155 2271 me
1169 2236 1298 2272 viseret
1308 2237 1366 2271 vir
1379 2249 1515 2272 summe
1527 2240 1753 2274 venerandus
1760 2238 1894 2274 Leand.
1912 2251 1983 2273 van
1991 2236 2070 2282 Ess‚
2086 2238 2273 2274 certiorem

75 2311 134 2341 me
151 2304 256 2347 fecit,
288 2315 326 2338 se
348 2303 389 2338 in
403 2302 522 2337 animo
539 2300 687 2347 habere,
728 2303 829 2340 Golii
848 2304 988 2347 lexicon
1006 2303 1341 2348 significationibus,
1367 2317 1457 2351 quae
1478 2304 1518 2338 in
1537 2304 1738 2340 Meninskii
1766 2318 1871 2352 opere
1886 2306 2105 2351 legerentur,
2131 2311 2273 2340 auctum

76 2358 207 2407 iterum
220 2371 334 2407 edere.
385 2367 440 2405 Ac
455 2370 612 2416 primum
627 2366 772 2418 quidem
786 2371 906 2406 virum
921 2383 1052 2418 quum,
1085 2371 1302 2415 argumentis
1319 2384 1338 2406 a
1351 2384 1410 2406 me
1423 2372 1588 2417 prolatis,
1614 2385 1635 2406 a
1649 2385 1688 2407 re
1703 2373 1832 2407 litteris
1848 2373 1908 2424 vix
1922 2372 2023 2415 utili,
2058 2371 2187 2406 editori
2202 2371 2273 2405 mei

9 2435 21 2452 ⁷
55 2455 59 2462 =
76 2437 195 2484 operis
214 2449 330 2473 nocua
342 2437 502 2472 revocari
521 2450 597 2473 non
618 2450 720 2484 posse
739 2438 918 2482 viderem,
954 2437 1250 2484 acquiescendum
1263 2438 1432 2484 putabam
1447 2450 1592 2485 sperans
1605 2440 1698 2482 fore,
1729 2446 1769 2474 ut
1786 2432 2052 2488 difficultatibus
2066 2439 2111 2473 ab
2132 2438 2272 2484 incepto

67 2502 329 2547 dementum
358 2504 433 2538 vsed
454 2516 566 2550 quum
584 2504 703 2539 virum
729 2505 909 2552 quendam
927 2502 1021 2539 mihi
1034 2504 1288 2540 amicissimum
1308 2505 1352 2540 de
1368 2505 1517 2548 iuvene,
1550 2506 1608 2541 cui
1624 2506 1825 2551 corrigendi
1841 2506 1958 2552 operis
1974 2505 2157 2551 negotium
2171 2517 2274 2540 man-

38 2579 42 2581 *
78 2569 241 2613 daretur,
270 2569 397 2606 litteris
412 2570 678 2616 interrogasset,
711 2571 948 2618 bibliopolae,
975 2572 1038 2619 qui
1062 2572 1136 2606 mei
1158 2572 1275 2618 operis
1298 2572 1575 2609 edendizcuram
1607 2580 1822 2618 susceperat,
1861 2580 1972 2608 totam
1993 2572 2078 2607 rem'
2102 2571 2273 2608 commisi.

45 2651 53 2657 ¹
77 2633 248 2672 Aliorum
274 2634 392 2673 autem
419 2638 585 2680 nomina,
624 2638 687 2685 qui
714 2635 781 2673 hac
809 2638 849 2672 in
879 2650 918 2672 re
941 2638 1157 2674 elaboraturi
1177 2645 1239 2674 aut
1262 2635 1531 2674 difficultatibus
1546 2639 1710 2686 impediti
1731 2647 1793 2676 aut
1816 2640 1860 2675 de
1882 2646 2004 2675 nostro
2027 2639 2176 2674 consilio
2199 2651 2275 2673 cer—

78 2702 188 2738 tiores
206 2699 290 2738 facti
310 2703 539 2747 destiterunt,
572 2716 752 2740 recensere
773 2705 833 2739 nil‘
849 2704 1004 2742 interest.
1064 2703 1139 2749 Qui
1160 2712 1279 2740 autem
1293 2712 1440 2751 propter
1453 2705 1561 2740 nimis
1577 2707 1684 2742 breve
1704 2706 1874 2753 temporis
1897 2706 2051 2753 spatium
2072 2718 2275 2742 concessum

79 2768 228 2807 omnino
257 2781 334 2804 rem
370 2769 603 2806 omittendam
631 2777 792 2814 censent,
838 2771 882 2807 iis
904 2772 1193 2818 respondendum
1216 2778 1321 2819 puto,
1357 2772 1486 2807 melius
1509 2784 1582 2807 esse
1614 2773 1654 2808 in
1675 2785 1714 2808 re
1737 2774 1953 2817 necessaria,
1999 2774 2115 2820 qualis
2135 2779 2186 2808 est
2209 2785 2277 2808 no-

79 2835 163 2872 stris
175 2836 395 2883 temporibus
411 2836 515 2872 lexici
528 2832 676 2872 Arabici
689 2838 809 2881 editio,
835 2850 926 2885 opus
942 2838 1000 2873 edi
1017 2838 1184 2875 omnibus
1197 2839 1343 2886 quidem
1357 2839 1517 2874 numeris
1531 2851 1607 2875 non
1621 2840 1825 2875 absolutum
1835 2868 1845 2885 ,
1870 2841 1972 2876 cuius
1986 2847 2105 2876 tamen
2120 2852 2186 2886 ope
2203 2846 2278 2875 stu-

46 2909 51 2912 '
80 2901 142 2938 dia
164 2899 319 2949 Arabica
341 2909 376 2939 et
396 2900 566 2939 inchoare
583 2910 623 2939 et
643 2902 808 2952 persequi
831 2905 969 2951 possint
991 2904 1156 2949 iuvenes,
1191 2918 1299 2952 quam
1321 2918 1360 2941 re
1382 2906 1512 2942 omissa
1526 2907 1684 2942 studium
1699 2919 1804 2956 omne
1820 2913 1854 2943 et
1869 2919 2026 2944 amorem
2040 2905 2168 2943 harum
2183 2907 2278 2943 litte-
