2488 3210
1271 185 1345 213 vm

368 270 505 308 Omnes
526 271 619 306 inter
640 270 769 312 libros,
795 269 925 317 quibus
946 281 1031 304 usus
1046 281 1142 312 sum,
1163 269 1320 316 primum
1339 278 1511 317 occupant
1527 262 1645 307 locum
1661 271 1849 318 Djeuharii
1865 280 1900 308 et
1915 273 2142 310 Firuzabadii
2155 288 2279 326 opera,
2305 290 2398 324 quo-v
2458 300 2461 302 -
2487 318 2488 321 Ἴ

214 352 295 376 rum
311 339 371 373 ille
392 338 520 373 maiori
539 337 720 373 doctrinae
742 337 861 382 copia,
894 336 1055 371 adductis
1077 336 1214 382 saepius
1235 344 1421 382 poetarum
1440 338 1601 374 versibus
1624 346 1659 374 et
1673 339 1970 384 significationum
1987 343 2190 378 auctoribus
2202 344 2397 379 nominatis
2481 327 2488 377 '¹¹2

173 452 175 455 ι
214 418 303 452 opus
325 417 430 440 suum
451 404 649 445 exornavit,
683 401 742 438 hic
763 403 892 438 maiori
906 403 1099 437 verborum
1115 410 1219 449 atque
1235 403 1531 450 significationum
1547 405 1775 440 multitudine
1791 400 1968 452 praestare
1984 408 2135 446 videtur.
2185 409 2231 444 In
2244 417 2398 458 utroque
2478 390 2488 419 ἦ

214 473 317 512 lexici
332 471 403 506 mei
417 472 688 506 fundamentum
704 470 818 515 posui.
847 468 949 504 Licet
965 469 1060 503 enim
1075 470 1252 504 rarissime
1267 470 1306 504 in
1313 468 1500 515 DJ'euharii
1516 483 1620 517 opere
1635 473 1843 518 reperiatur,
1871 474 1967 519 quod
1981 486 2057 508 ιιοιι
2071 475 2165 509 idem
2181 477 2276 522 apud
2289 475 2397 512 Firu-

213 539 399 574 zabadium
423 538 576 582 legatur,
609 534 706 571 haud
726 548 806 570 raro
824 543 942 571 tamen
959 548 1001 570 ex
1015 536 1122 570 unius
1138 536 1256 576 verbis
1270 537 1332 574 lux
1346 538 1519 586 quaedam
1534 539 1648 574 oritur
1662 539 1764 574 alteri
1778 546 1839 574 aut
1855 540 2005 574 dubium
2019 549 2229 578 removetur.
2262 541 2410 588 211³&-

212 618 353 653 quoque
366 602 554 649 Djeuharii
573 603 692 637 verbis
713 603 893 637 interdum
917 602 1045 637 vitium
1067 614 1088 636 a
1104 601 1338 639 Firuzabadio
1365 610 1427 638 aut
1446 604 1522 639 eius
1548 605 1682 640 editore
1705 606 1931 643 commissum
1953 607 2136 651 detegitur.
2188 606 2296 643 Utne
2309 618 2396 649 vcro

212 673 292 719 quis
314 684 357 706 ex
379 669 478 705 Golii
503 682 614 716 opere
631 670 823 703 verborum
843 669 1133 713 significationeS,
1165 670 1306 704 easdem
1329 682 1441 716 quum
1459 672 1553 716 apud
1569 672 1673 706 illum
1686 671 1829 716 legerit,
1855 673 2018 707 sumsisse
2034 685 2092 707 me
2110 674 2294 719 opinetur,
2319 684 2397 717 nm

211 739 249 774 id
263 738 408 785 quidem
420 734 511 770 mihi
523 737 665 770 videtur
679 735 819 775 silentio
836 736 1150 781 praetereundum,
1173 736 1270 782 quod
1284 736 1328 770 de
1344 737 1510 772 omnibus
1535 736 1653 785 Golii,
1686 750 1775 787 quae
1791 739 1983 773 maximam
1999 746 2136 785 partem
2152 752 2193 774 ex
2206 737 2395 785 Djeuharii

210 817 316 851 opere
339 803 536 848 collegerit,
568 814 643 836 non
664 795 816 836 nimium
840 802 1020 836 confidens
1034 801 1261 836 Firuzabadii
1285 814 1374 848 opus
1397 803 1628 849 inspexerim,
1661 805 1788 839 collato
1814 817 1954 851 quoque
1968 803 2156 850 Djeuharii
2177 817 2294 851 opere.
2343 803 2395 841 At
2444 832 2449 835 —

209 883 294 906 vero
313 882 425 917 quum
440 870 484 903 de
502 868 614 903 lexico
631 869 768 903 edendo
783 881 847 914 per
860 869 995 904 litteras
1011 868 1107 903 viros
1122 869 1242 903 doctos
1258 869 1423 910 certiores
1438 870 1607 913 facerem,
1633 868 1702 908 hoc
1716 868 1808 904 mihi
1825 878 1899 905 erat
1916 870 2122 914 consilium,
2154 878 2213 914 ut,
2237 871 2277 906 in
2292 870 2394 908 Golii

209 949 315 984 opere
335 936 408 970 mei
429 936 661 975 fundamento
686 935 822 980 posito,
855 935 982 969 vitiosa
1004 935 1235 979 corrigerem,
1274 947 1367 976 nova
1389 937 1573 979 adderem,
1610 936 1648 970 id
1672 936 1767 970 enim
1786 937 1817 977 si
1831 937 2010 980 fecissem,
2045 949 2121 972 non
2136 949 2263 983 pamm
2280 936 2394 979 mein

209 1003 424 1038 elaborando
449 1001 645 1036 adiumenti
666 999 872 1035 habiturum
888 1001 1082 1057 sperabam.
1134 1000 1236 1044 Quae
1255 1013 1332 1047 spes
1349 1003 1504 1037 multum
1518 1015 1575 1037 me
1589 1003 1732 1045 fefellit,
1756 1003 1870 1038 multa
1887 1003 1984 1037 enim
1999 1015 2110 1049 quum
2126 1010 2242 1038 essent
2249 1010 2316 1055 jaut
2327 989 2394 1038 ἢεί-ἰ

208 1071 325 1105 denda
345 1077 407 1111 aut
427 1068 653 1112 corrigenda,
685 1068 796 1105 multa
820 1067 948 1101 deinde
970 1067 1009 1101 in
1022 1067 1208 1102 meliorem
1224 1067 1386 1108 ordinem
1403 1069 1614 1113 redigenda,
1636 1076 1771 1104 tantam
1786 1067 1877 1103 mihi
1893 1081 1949 1104 res
1965 1069 2097 1104 creavit
2110 1069 2328 1112 molestiam,
2350 1076 2394 1106 ut

207 1137 303 1183 quod
325 1147 399 1170 non
414 1117 532 1181 potius
546 1134 690 1169 caeteris
704 1133 886 1178 neglectis,
913 1145 954 1167 ex
967 1131 1155 1178 Djeuharii
1169 1133 1463 1182 Firuzabadiique
1480 1135 1581 1170 libris
1595 1135 1701 1181 plane
1716 1148 1809 1170 nova
1830 1136 1946 1182 operis
1969 1136 2200 1172 fundamenta
2219 1136 2393 1181 jecissem,

205 1203 356 1238 maxime
380 1202 553 1239 dolerem,
602 1199 690 1235 Erat
713 1201 826 1242 enim,
856 1212 901 1234 ne
921 1200 1154 1245 negligentiae
1173 1207 1234 1247 aut
1254 1200 1413 1237 inscitiae
1434 1201 1521 1236 vitia
1544 1214 1562 1236 e
1582 1201 1683 1236 Golii
1697 1202 1790 1236 libro
1807 1202 1846 1236 in
1859 1214 1978 1237 meum
1998 1203 2212 1248 irreperent,
2237 1202 2391 1242 multum

206 1270 422 1310 cavendum,
451 1268 602 1314 ideoque
627 1267 666 1301 in
688 1267 835 1311 singulis
856 1267 1002 1301 vocibus
1025 1267 1143 1301 denuo
1167 1267 1349 1302 adeundus
1373 1274 1408 1302 et
1429 1267 1683 1302 Firuzabadius
1706 1275 1740 1303 et
1761 1266 1977 1313 Djeuharius
2000 1276 2106 1315 atque
2136 1268 2392 1310 retractandus,

206 1348 275 1382 quo
298 1335 402 1369 labor
422 1337 522 1369 meus
548 1334 681 1368 mirum
704 1334 898 1378 augebatur
920 1333 960 1366 in
980 1317 1138 1369 modum.
1187 1332 1261 1368 Nec
1275 1346 1359 1368 vero
1375 1334 1454 1375 illa,
1480 1346 1570 1380 quae
1586 1333 1714 1369 Golins
1730 1347 1771 1369 ex
1784 1335 1862 1369 aliis
1878 1347 1986 1381 quam
1998 1332 2186 1380 Djeuharii
2206 1341 2268 1369 aut
2282 1332 2391 1369 Firu-

205 1401 344 1436 zabadii
370 1401 538 1447 operibus
567 1401 815 1442 adnotaverat,
859 1411 1075 1446 quamquam
1103 1399 1142 1441 in
1163 1400 1255 1445 ipsa,
1287 1400 1371 1446 quia
1396 1400 1483 1434 libri
1510 1401 1555 1435 ad
1576 1413 1704 1435 manus
1727 1413 1802 1436 non
1824 1409 1942 1444 erant,
1988 1401 2124 1448 inquiri
2143 1413 2218 1436 non
2239 1406 2390 1446 poterat,

205 1468 352 1503 omnino
373 1467 568 1518 omittenda
588 1466 711 1512 putavi
732 1473 766 1500 et
787 1472 906 1511 postea
919 1493 929 1508 ,
962 1478 1094 1512 quum,
1127 1466 1245 1513 aliqua
1269 1467 1355 1501 libri
1373 1473 1471 1512 parte
1486 1467 1579 1514 typis
1597 1467 1782 1513 impressa,
1806 1468 1970 1513 pluribus
1985 1480 2026 1502 ex
2038 1465 2135 1502 hisce
2148 1473 2210 1502 aut
2225 1465 2311 1502 vitia
2327 1472 2390 1501 aut

203 1534 363 1572 Persicae
376 1534 517 1578 linguae
532 1533 693 1579 proprias
708 1532 821 1570 inesse
837 1531 1125 1576 significationes,
1157 1533 1415 1577 cognovissem,
1440 1533 1549 1568 sontis
1564 1545 1712 1576 nomen,
1744 1535 1840 1583 quod
1854 1535 1953 1580 prius
1972 1535 2171 1579 neglectum
2194 1530 2284 1575 erat,
2324 1532 2393 1569 ad·-

204 1602 362 1636 dendum
383 1600 513 1637 censui.
565 1599 666 1644 Quae
688 1599 794 1634 etiam
808 1598 848 1631 in
863 1596 964 1644 Golii
979 1600 1236 1645 exemplaribus
1252 1606 1330 1635 tum
1344 1598 1412 1636 Iac.
1429 1597 1646 1635 Schultensii
1661 1607 1737 1635 tum
1752 1599 1819 1636 Iac.
1834 1599 1976 1636 Reiskii
1989 1607 2024 1635 et
2035 1599 2158 1645 Bergii
2178 1598 2389 1646 professoris

204 1668 292 1702 olim
311 1655 589 1711 Duisburgensis
619 1665 885 1718 ad'marginem
915 1665 1107 1711 adscripta,
1140 1666 1179 1711 in
1200 1679 1277 1700 rem
1301 1679 1417 1700 meam
1435 1667 1617 1709 converti,
1648 1674 1772 1718 ,tacere
1805 1679 1880 1705 non
1908 1667 2031 1703 debeo.
2105 1664 2298 1711 Exemplar
2317 1662 2388 1703 Iac.

203 1732 437 1775 Schultensii,
469 1733 540 1767 viri
560 1733 599 1766 in
621 1730 716 1767 hisce
742 1732 869 1766 litteris
886 1731 1134 1775 versatissimi,
1159 1733 1199 1768 in
1218 1730 1433 1770 bibliotheca
1445 1732 1616 1777 Lugduni
1627 1731 1845 1772 Batavorum
1861 1738 2094 1775 asservatum,
2125 1743 2216 1787 quae
2229 1734 2305 1768 erat
2317 1730 2390 1768 Viri

203 1800 391 1845 singularis
413 1800 574 1858 doctrina
592 1806 695 1845 atque
713 1798 913 1842 diligentia,
935 1798 1058 1833 multis
1073 1806 1149 1835 tum
1157 1799 1200 1832 de
1215 1799 1321 1833 rebus
1337 1806 1414 1845 tum
1432 1799 1476 1833 de
1492 1800 1683 1834 verborum
1694 1799 2030 1857 significationibus,
2054 1810 2144 1845 quae
2165 1796 2390 1844 potissimum

204 1879 246 1901 ex
267 1866 369 1900 libris
389 1853 638 1911 manuscriptis
663 1871 853 1906 sumserat,
885 1865 1061 1899 adnotatis
1088 1872 1230 1906 auctum
1253 1872 1328 1900 erat
1348 1872 1382 1900 et
1404 1871 1579 1902 ornatum.
1630 1863 1796 1901 Alterum
1811 1866 1908 1911 quod
1924 1853 2111 1899 clarissimi
2123 1862 2266 1899 Reiskii
2279 1861 2387 1899 fuisse

204 1933 295 1974 dixi,
320 1932 360 1967 in
380 1930 596 1967 bibliotheca
609 1930 722 1976 Regia
736 1931 897 1966 Havniae
924 1938 984 1967 est:
1034 1929 1152 1966 Multa
1174 1943 1254 1965 cum
1267 1931 1372 1966 lau‘de
1388 1944 1499 1978 quum
1513 1932 1552 1966 in
1567 1932 1640 1966 vita
1654 1930 1795 1967 Reiskii
1809 1932 1852 1965 de
1869 1931 1935 1965 isto
1950 1929 2142 1976 exemplari
2154 1929 2390 1976 praedicasset

204 2006 345 2041 auctor,
377 2005 515 2044 tantum
538 2010 596 2032 me
618 1998 693 2032 eius
716 1998 882 2043 potiundi
905 1997 1119 2032 desiderium
1144 1997 1322 2043 implevit,
1355 2004 1396 2032 ut
1417 1998 1574 2043 primum
1598 1998 1835 2035 intercedente
1859 1998 1972 2042 legato
1986 1996 2100 2042 Regio
2121 2008 2186 2042 per
2198 1994 2390 2043 litteraein

204 2073 324 2102 nostra
345 2065 532 2100 Musarum
553 2066 633 2099 sede
658 2064 784 2099 utendi
805 2064 946 2098 veniam
973 2075 1152 2108 rogarem,
1181 2071 1258 2099 tum
1285 2076 1346 2110 spe
1370 2065 1538 2098 frustrata
1560 2062 1740 2098 Havniam
1767 2064 1928 2099 aditurus
1952 2063 2020 2098 iter
2040 2062 2263 2109 susciperem.⁴
2312 2059 2388 2099 Re:

203 2133 279 2179 ipsa
305 2132 597 2179 exspectationem
619 2131 760 2173 fefellit,
793 2131 922 2165 nimias
945 2131 1041 2165 enim
1063 2131 1186 2165 laudes
1210 2137 1245 2164 et
1267 2142 1343 2165 rem
1366 2131 1520 2165 multum
1541 2137 1744 2175 superantes
1769 2142 1842 2165 esse
1863 2130 2033 2176 intellexi.
2083 2128 2230 2167 Inerant
2241 2127 2388 2176 quidem

194 2199 307 2245 ,plura
322 2192 369 2233 ad*
379 2198 577 2243 marginem
597 2198 724 2243 scripta
734 2225 744 2239 ,
769 2204 845 2232 tum
866 2197 1077 2243 scriptorum
1092 2197 1182 2239 loci,
1206 2204 1283 2231 tum
1298 2197 1489 2234 verborum
1505 2196 1793 2241 significationes3
1827 2197 1889 2231 sed
1905 2208 1995 2242 quae
2011 2202 2112 2231 erant
2125 2207 2148 2230 a
2161 2195 2241 2230 viro
2256 2192 2388 2231 doctis„

205 2266 293 2300 simo
315 2277 357 2300 ex
379 2265 558 2300 codicibus
581 2263 879 2308 Lugdunensibus
899 2264 1076 2305 desumta,
1111 2275 1151 2297 ea
1174 2263 1364 2298 maximam
1385 2270 1540 2309 partem,
1565 2276 1675 2310 quum
1689 2263 1860 2308 Lugduni
1877 2275 2055 2305 versarer,
2088 2275 2109 2297 a
2124 2273 2184 2296 me
2203 2247 2388 2296 observata
2431 2289 2433 2292 .

205 2339 315 2371 erant.
374 2331 518 2366 Tertius
538 2331 690 2377 denique
714 2329 843 2380 Golius
863 2329 1002 2374 Bergii‚
1035 2330 1098 2376 qui
1119 2328 1268 2381 Bonnae
1288 2329 1330 2368 in
1348 2327 1565 2376 bibliotheca
1591 2329 1706 2374 Regia
1730 2337 1800 2372 est,
1830 2329 1953 2371 multis
1976 2329 2022 2363 ad
2035 2328 2233 2373 marginem
2247 2325 2387 2372 seriptis

205 2405 388 2436 auctorum
410 2398 481 2443 iam
503 2397 681 2432 editorum
705 2397 808 2439 locis,
842 2403 964 2431 auctus
979 2403 1049 2438 est,
1079 2397 1194 2447 rarius
1218 2396 1381 2436 codicum
1394 2395 1726 2442 manuscriptorum.
1779 2395 1853 2440 Qui
1869 2403 1987 2431 autem
2001 2395 2072 2430 loci
2087 2406 2199 2441 quum
2211 2392 2392 2438 significa

204 2465 318 2500 tiones
338 2470 399 2509 aut
419 2476 487 2499 usu
508 2463 679 2511 loquendi
701 2470 761 2498 aut
782 2461 970 2511 Djeuharii
983 2462 1278 2512 Firuzabadiique
1301 2462 1508 2500 auctoritate
1530 2462 1740 2497 certissimas
1760 2462 1950 2508 nullaeque
1973 2459 2191 2496 dubitationi
2213 2457 2405 2502 obnoxias=

205 2538 375 2578 spectent,
406 2531 483 2564 fieri
504 2530 563 2571 vix
592 2537 725 2575 potest,
756 2538 797 2581 ut
820 2530 904 2578 inde
927 2541 1097 2579 magnum
1119 2529 1198 2576 quis
1219 2529 1334 2574 capiat
1349 2529 1586 2565 commodum.
1634 2527 1711 2573 Ego
1726 2540 1810 2563 vero
1827 2529 1898 2563 viri
1913 2535 2052 2563 tantum
2066 2528 2183 2569 abest,
2208 2533 2250 2561 ut
2263 2525 2388 2560 laudes

204 2598 366 2633 minuere
389 2598 566 2638 studeam,
610 2604 650 2631 ut
672 2596 763 2631 effici
782 2609 857 2645 non
878 2581 1007 2642 possit,
1056 2596 1145 2643 quin
1172 2608 1254 2630 eum
1277 2602 1350 2630 tam
1378 2607 1543 2637 venerer,
1594 2607 1701 2641 quam
1729 2595 1849 2640 magni
1881 2594 2072 2633 aestimem.
2133 2590 2236 2635 Alios
2265 2582 2386 2635 tunm

205 2665 315 2699 libros
337 2662 486 2700 adhibui
507 2669 645 2708 praeter
668 2675 744 2705 eos,
777 2675 865 2709 quos
887 2664 994 2714 modo
1018 2663 1204 2697 nominavi
1218 2659 1379 2697 Arabum
1392 2659 1656 2708 lexicographos
1672 2668 1707 2696 et
1722 2660 1973 2713 Ibn-Doraidi
1988 2672 2094 2707 opus,
2126 2660 2224 2707 quod
2236 2659 2283 2695 ad
2298 2657 2389 2701 lexi-

205 2727 431 2777 cographiam
453 2729 622 2775 pertinet,
655 2741 766 2775 quum
779 2729 949 2776 Lugduni
967 2741 1146 2771 versarer,
1179 2729 1356 2774 pervolvi;
1398 2740 1513 2775 neque
1538 2728 1635 2764 enim
1658 2725 1749 2763 mihi
1770 2734 1928 2770 tantum,
1961 2719 2002 2762 ut
2024 2731 2140 2762 totum
2159 2726 2390 2772 perlegerem,
2430 2720 2435 2725 κ
2459 2742 2479 2841 >

206 2797 319 2832 otium
340 2796 543 2832 concessum
570 2802 654 2832 erat.
704 2793 771 2841 Est
792 2796 964 2845 maximae
988 2795 1205 2843 auctoritatis
1227 2796 1335 2838 liber,
1358 2808 1429 2843 quo
1450 2795 1592 2834 serioris
1606 2795 1684 2831 aevi
1699 2794 1885 2840 scriptores
1901 2794 2055 2839 multum
2069 2793 2128 2837 usi
2143 2797 2236 2835 sunt,
2289 2790 2393 2834 Dana
2449 2827 2459 2844 ‘

995 2856 997 2859 ·
1376 2850 1381 2855 ·
2368 2848 2380 2875 '.
2440 2845 2477 2878 s<
