2488 3210
1319 244 1387 274 XVI

262 332 402 378 linguae
438 338 472 367 et
503 332 634 367 formas
668 338 702 367 et
736 330 1024 376 significationes,
1064 329 1149 376 quia
1183 329 1369 370 derivandi
1402 331 1528 366 modus
1553 330 1678 373 lateat,
1720 329 1883 377 disponi,
1932 329 2231 376 quemadmodum
2257 330 2444 378 derivandi

259 399 406 433 naturae
432 397 630 434 conveniat.
679 395 728 432 Et
752 396 821 432 fuit
845 393 936 430 mihi
962 395 1142 431 interdum
1167 395 1364 442 probabilis
1389 407 1514 439 causa,
1573 407 1637 431 cur
1661 396 1707 431 ah
1733 402 1873 441 accepto
1900 396 2026 431 ordine
2050 396 2158 442 paulo
2183 397 2445 434 recederem&

258 465 366 498 verba
399 464 484 510 ipsis
518 464 739 505 nominihus,
790 475 809 498 e
834 462 964 509 quibus
990 462 1164 507 originem
1189 462 1374 505 duxerint,
1433 469 1701 509 anteponerem,
1762 469 1838 497 tum
1864 474 1935 509 quo
1962 461 2099 496 facilius
2124 462 2163 516 in
2189 463 2311 498 oculos
2335 474 2444 510 quaes·

258 530 418 564 rentibus
444 531 687 571 incurrerent,
728 529 766 563 id
792 529 933 569 studui,
964 535 1025 569 ut,
1058 539 1149 575 quae
1175 519 1290 564 essent
1315 528 1586 574 significationes
1611 528 1723 573 magis
1747 527 1916 569 usitatae,
1950 526 2026 562 fieri
2052 526 2083 561 si
2106 534 2224 573 posset
2244 529 2324 564 sine
2338 541 2442 572 noxa,

258 603 408 631 caeteras
434 597 513 632 loco
539 597 797 643 praecederent⁴
2372 624 2395 631 η.

409 660 527 710 Atque
553 660 638 698 haec
664 661 809 709 quidem
833 658 1014 696 hactenus.
1064 658 1261 694 Patefactus
1287 667 1338 696 est
1370 661 1466 696 enim
1491 660 1590 694 locus
1616 660 1708 705 ipse,
1724 660 1731 663 ”
1764 666 1807 694 ut
1831 671 1905 694 non
1931 659 1976 694 sit
2002 659 2145 694 difficile
2171 659 2210 695 in
2235 659 2440 699 adhibendo

258 730 350 763 libro
365 756 375 771 ‚
417 730 513 776 quod
539 729 666 776 cuique
691 727 737 763 sit
762 727 938 772 agendum
959 725 1092 762 videre.
1141 725 1229 761 Tibi
1246 734 1390 779 autem,
1415 726 1486 762 Vir
1509 726 1731 768 doctissime,
1757 725 1933 760 carissime
1953 724 2174 770 Rocdbgere,
2200 738 2276 778 non
2297 732 2441 774 postam

257 796 346 841 quin
361 795 571 841 praefationi
594 795 701 829 finem
723 794 880 828 facturus
898 805 964 838 pro
985 804 1046 834 eo,
1079 804 1150 838 quo
1178 792 1377 837 corrigendi
1402 794 1545 828 muneri
1569 792 1772 839 praefuisti,
1810 791 1980 836 singulari
2002 792 2119 826 studio
2133 799 2239 838 atque
2255 793 2439 838 diligentia

257 861 384 905 gratias
410 873 510 906 agam
538 860 781 906 amplissimas.
833 858 931 903 Quas
946 870 1008 903 ego
1024 857 1110 893 Tibi
1135 860 1334 904 persolvere
1361 872 1436 894 non
1462 871 1607 906 possum
1626 858 1755 903 gratias
1770 858 1876 892 variis
1894 859 1933 893 in
1953 870 2042 910 opus
2058 865 2178 893 meum
2197 859 2331 894 meritis
2349 859 2440 895 Tuis

257 928 339 961 satis
371 927 515 972 dignas,
564 939 621 961 eas
655 926 693 960 in
724 925 938 961 conscientia
969 921 1200 971 pulcherrimi
1235 925 1319 960 facti
1353 926 1462 972 inque
1487 926 1648 960 omnium
1673 936 1816 966 eorum,
1858 921 1992 970 quibis
2016 924 2142 959 litteris
2164 925 2300 967 favent,
2340 933 2439 970 grato

258 1005 337 1035 erga
373 991 427 1028 Te
450 993 569 1028 animo
602 991 794 1038 percipias!
868 990 942 1025 Vos
975 990 1128 1037 denique
1170 1003 1293 1039 omnes
1326 991 1522 1027 litterarum
1556 989 1792 1026 Arabicarum
1825 996 2003 1032 amantes,
2053 991 2227 1032 fautores,
2271 997 2439 1036 patronos

257 1060 363 1094 otiam
389 1066 494 1107 atque
521 1059 627 1094 etiam
652 1069 737 1102 rogo
765 1065 870 1104 atque
896 1069 978 1098 oro,
1011 1063 1052 1091 ut
1076 1056 1170 1091 libro
1197 1069 1278 1091 cum
1300 1057 1482 1102 diligentia
1502 1057 1675 1099 utamini,
1708 1055 1795 1092 vitia
1813 1056 1852 1090 in
1868 1068 1909 1091 eo
1930 1056 2114 1092 commissa
2134 1057 2316 1101 corrigatis
2330 1046 2439 1092 milti-

258 1129 325 1173 que
352 1133 548 1162 erratorum
574 1125 715 1159 veniam
740 1122 943 1159 humaniter
969 1129 1073 1169 atque
1099 1123 1270 1158 benevole
1296 1124 1397 1161 detis.
1453 1122 1588 1160 valete.

411 1256 541 1301 Scripsi
568 1255 715 1290 Bonnae
741 1253 886 1290 Calend.
912 1252 1016 1295 febr.
1047 1250 1328 1290 MDCCCXXX.
