<?xml version="1.0" encoding="UTF-8"?>
<!DOCTYPE html PUBLIC "-//W3C//DTD XHTML 1.0 Transitional//EN"
    "http://www.w3.org/TR/xhtml1/DTD/xhtml1-transitional.dtd">
<html xmlns="http://www.w3.org/1999/xhtml" xml:lang="en" lang="en">
 <head>
  <title>
</title>
<meta http-equiv="Content-Type" content="text/html;charset=utf-8" />
  <meta name='ocr-system' content='tesseract 3.04.00' />
  <meta name='ocr-capabilities' content='ocr_page ocr_carea ocr_par ocr_line ocrx_word'/>
</head>
<body>
  <div class='ocr_page' id='page_1' title='image "./lexiconarabicola01freyuoft_0012.png"; bbox 0 0 2488 3210; ppageno 0'>
   <div class='ocr_carea' id='block_1_1' title="bbox 1325 269 1366 295">
    <p class='ocr_par' dir='ltr' id='par_1_1' title="bbox 1325 269 1366 295">
     <span class='ocr_line' id='line_1_1' title="bbox 1325 269 1366 295; baseline 0 0"><span class='ocrx_word' id='word_1_1' title='bbox 1325 269 1366 295; x_wconf 83' lang='lat' dir='ltr'><strong>VI</strong></span> 
     </span>
    </p>
   </div>
   <div class='ocr_carea' id='block_1_2' title="bbox 1292 313 1393 320">
    <p class='ocr_par' dir='ltr' id='par_1_2' title="bbox 1292 313 1393 320">
     <span class='ocr_line' id='line_1_2' title="bbox 1292 313 1393 320; baseline 0 2890"><span class='ocrx_word' id='word_1_2' title='bbox 1292 313 1393 320; x_wconf 95' lang='lat' dir='ltr'><strong> </strong></span> 
     </span>
    </p>
   </div>
   <div class='ocr_carea' id='block_1_3' title="bbox 252 348 2432 468">
    <p class='ocr_par' dir='ltr' id='par_1_3' title="bbox 252 348 2432 468">
     <span class='ocr_line' id='line_1_3' title="bbox 254 348 2432 404; baseline 0.006 -20"><span class='ocrx_word' id='word_1_3' title='bbox 254 362 375 385; x_wconf 90' lang='lat' dir='ltr'><strong>rarum</strong></span> <span class='ocrx_word' id='word_1_4' title='bbox 390 349 575 394; x_wconf 88' lang='lat' dir='ltr'><strong>exstingui.</strong></span> <span class='ocrx_word' id='word_1_5' title='bbox 626 348 695 384; x_wconf 88' lang='lat' dir='ltr'><strong>Per</strong></span> <span class='ocrx_word' id='word_1_6' title='bbox 715 356 828 385; x_wconf 89' lang='lat' dir='ltr'><strong>totum</strong></span> <span class='ocrx_word' id='word_1_7' title='bbox 852 356 969 385; x_wconf 87' lang='lat' dir='ltr'><strong>autem</strong></span> <span class='ocrx_word' id='word_1_8' title='bbox 990 348 1083 386; x_wconf 90' lang='lat' dir='ltr'><strong>mihi</strong></span> <span class='ocrx_word' id='word_1_9' title='bbox 1104 362 1306 386; x_wconf 89' lang='lat' dir='ltr'><strong>concessum</strong></span> <span class='ocrx_word' id='word_1_10' title='bbox 1332 351 1500 398; x_wconf 84' lang='lat' dir='ltr'><strong>temporis</strong></span> <span class='ocrx_word' id='word_1_11' title='bbox 1522 352 1676 398; x_wconf 88' lang='lat' dir='ltr'><strong>spatium</strong></span> <span class='ocrx_word' id='word_1_12' title='bbox 1698 365 1835 400; x_wconf 87' lang='lat' dir='ltr'><strong>semper</strong></span> <span class='ocrx_word' id='word_1_13' title='bbox 1856 355 1996 390; x_wconf 86' lang='lat' dir='ltr'><strong>deditus</strong></span> <span class='ocrx_word' id='word_1_14' title='bbox 2021 356 2079 391; x_wconf 88' lang='lat' dir='ltr'><strong>isti</strong></span> <span class='ocrx_word' id='word_1_15' title='bbox 2099 358 2198 402; x_wconf 87' lang='lat' dir='ltr'><strong>operi</strong></span> <span class='ocrx_word' id='word_1_16' title='bbox 2218 358 2432 404; x_wconf 77' lang='lat' dir='ltr'><strong>perficiendo</strong></span> 
     </span>
     <span class='ocr_line' id='line_1_4' title="bbox 252 414 2432 468; baseline 0.005 -18"><span class='ocrx_word' id='word_1_17' title='bbox 252 414 345 451; x_wconf 89' lang='lat' dir='ltr'><strong>nihil</strong></span> <span class='ocrx_word' id='word_1_18' title='bbox 361 416 562 462; x_wconf 85' lang='lat' dir='ltr'><strong>cupiebam,</strong></span> <span class='ocrx_word' id='word_1_19' title='bbox 592 416 663 449; x_wconf 90' lang='lat' dir='ltr'><strong>nisi</strong></span> <span class='ocrx_word' id='word_1_20' title='bbox 676 423 716 450; x_wconf 90' lang='lat' dir='ltr'><strong>ut</strong></span> <span class='ocrx_word' id='word_1_21' title='bbox 731 429 805 451; x_wconf 92' lang='lat' dir='ltr'><strong>non</strong></span> <span class='ocrx_word' id='word_1_22' title='bbox 817 417 923 451; x_wconf 92' lang='lat' dir='ltr'><strong>nimis</strong></span> <span class='ocrx_word' id='word_1_23' title='bbox 938 429 958 451; x_wconf 91' lang='lat' dir='ltr'><strong>a</strong></span> <span class='ocrx_word' id='word_1_24' title='bbox 972 417 1133 452; x_wconf 85' lang='lat' dir='ltr'><strong>virorum</strong></span> <span class='ocrx_word' id='word_1_25' title='bbox 1147 418 1333 453; x_wconf 88' lang='lat' dir='ltr'><strong>doctorum</strong></span> <span class='ocrx_word' id='word_1_26' title='bbox 1347 418 1532 453; x_wconf 82' lang='lat' dir='ltr'><strong>desideriis</strong></span> <span class='ocrx_word' id='word_1_27' title='bbox 1547 420 1697 462; x_wconf 89' lang='lat' dir='ltr'><strong>abesset,</strong></span> <span class='ocrx_word' id='word_1_28' title='bbox 1730 421 1943 468; x_wconf 89' lang='lat' dir='ltr'><strong>caeterisque</strong></span> <span class='ocrx_word' id='word_1_29' title='bbox 1960 423 2250 468; x_wconf 79' lang='lat' dir='ltr'><strong>occupationibus</strong></span> <span class='ocrx_word' id='word_1_30' title='bbox 2265 427 2331 460; x_wconf 85' lang='lat' dir='ltr'><strong>otii</strong></span> <span class='ocrx_word' id='word_1_31' title='bbox 2351 434 2432 462; x_wconf 84' lang='lat' dir='ltr'><strong>tan-</strong></span> 
     </span>
    </p>
   </div>
   <div class='ocr_carea' id='block_1_4' title="bbox 250 482 1799 546">
    <p class='ocr_par' dir='ltr' id='par_1_4' title="bbox 250 482 1799 546">
     <span class='ocr_line' id='line_1_5' title="bbox 250 482 1799 546; baseline 0.002 -29"><span class='ocrx_word' id='word_1_32' title='bbox 250 490 327 517; x_wconf 91' lang='lat' dir='ltr'><strong>tum</strong></span> <span class='ocrx_word' id='word_1_33' title='bbox 352 482 636 546; x_wconf 84' lang='lat' dir='ltr'><strong>suppeditabam,</strong></span> <span class='ocrx_word' id='word_1_34' title='bbox 670 490 842 529; x_wconf 87' lang='lat' dir='ltr'><strong>quantum</strong></span> <span class='ocrx_word' id='word_1_35' title='bbox 865 484 910 517; x_wconf 91' lang='lat' dir='ltr'><strong>ad</strong></span> <span class='ocrx_word' id='word_1_36' title='bbox 935 483 1046 517; x_wconf 89' lang='lat' dir='ltr'><strong>animi</strong></span> <span class='ocrx_word' id='word_1_37' title='bbox 1068 483 1319 519; x_wconf 84' lang='lat' dir='ltr'>relaxationem</span> <span class='ocrx_word' id='word_1_38' title='bbox 1342 485 1577 529; x_wconf 84' lang='lat' dir='ltr'><strong>necessarium</strong></span> <span class='ocrx_word' id='word_1_39' title='bbox 1601 486 1799 523; x_wconf 89' lang='lat' dir='ltr'><strong>videbatur.</strong></span> 
     </span>
    </p>
   </div>
   <div class='ocr_carea' id='block_1_5' title="bbox 227 543 2432 2932">
    <p class='ocr_par' dir='ltr' id='par_1_5' title="bbox 247 543 2432 791">
     <span class='ocr_line' id='line_1_6' title="bbox 400 543 2432 614; baseline 0.006 -24"><span class='ocrx_word' id='word_1_40' title='bbox 400 555 481 602; x_wconf 93' lang='lat' dir='ltr'><strong>Quo</strong></span> <span class='ocrx_word' id='word_1_41' title='bbox 506 563 624 591; x_wconf 87' lang='lat' dir='ltr'><strong>autem</strong></span> <span class='ocrx_word' id='word_1_42' title='bbox 643 543 763 602; x_wconf 82' lang='lat' dir='ltr'><strong>plures</strong></span> <span class='ocrx_word' id='word_1_43' title='bbox 784 564 867 593; x_wconf 88' lang='lat' dir='ltr'><strong>sunt</strong></span> <span class='ocrx_word' id='word_1_44' title='bbox 889 558 932 600; x_wconf 86' lang='lat' dir='ltr'><strong>ii,</strong></span> <span class='ocrx_word' id='word_1_45' title='bbox 965 558 1028 603; x_wconf 87' lang='lat' dir='ltr'><strong>qui</strong></span> <span class='ocrx_word' id='word_1_46' title='bbox 1049 569 1114 593; x_wconf 90' lang='lat' dir='ltr'><strong>nec</strong></span> <span class='ocrx_word' id='word_1_47' title='bbox 1135 558 1382 603; x_wconf 83' lang='lat' dir='ltr'><strong>amplitudinis</strong></span> <span class='ocrx_word' id='word_1_48' title='bbox 1404 571 1519 605; x_wconf 89' lang='lat' dir='ltr'><strong>neque</strong></span> <span class='ocrx_word' id='word_1_49' title='bbox 1537 560 1752 596; x_wconf 86' lang='lat' dir='ltr'><strong>difficultatis</strong></span> <span class='ocrx_word' id='word_1_50' title='bbox 1769 561 1944 596; x_wconf 90' lang='lat' dir='ltr'><strong>eiusmodi</strong></span> <span class='ocrx_word' id='word_1_51' title='bbox 1959 563 2075 608; x_wconf 90' lang='lat' dir='ltr'><strong>operis</strong></span> <span class='ocrx_word' id='word_1_52' title='bbox 2089 550 2244 600; x_wconf 82' lang='lat' dir='ltr'><strong>habeant</strong></span> <span class='ocrx_word' id='word_1_53' title='bbox 2257 567 2432 614; x_wconf 73' lang='lat' dir='ltr'><strong>cogm&#39;tio-</strong></span> 
     </span>
     <span class='ocr_line' id='line_1_7' title="bbox 249 623 2429 675; baseline 0.005 -19"><span class='ocrx_word' id='word_1_54' title='bbox 249 635 348 665; x_wconf 88' lang='lat' dir='ltr'><strong>nem,</strong></span> <span class='ocrx_word' id='word_1_55' title='bbox 381 623 552 656; x_wconf 90' lang='lat' dir='ltr'><strong>maiorem</strong></span> <span class='ocrx_word' id='word_1_56' title='bbox 572 623 749 657; x_wconf 85' lang='lat' dir='ltr'><strong>fortasse</strong></span> <span class='ocrx_word' id='word_1_57' title='bbox 739 636 778 657; x_wconf 91' lang='lat' dir='ltr'><strong>1n</strong></span> <span class='ocrx_word' id='word_1_58' title='bbox 801 636 905 669; x_wconf 90' lang='lat' dir='ltr'><strong>opere</strong></span> <span class='ocrx_word' id='word_1_59' title='bbox 937 630 1058 658; x_wconf 89' lang='lat' dir='ltr'><strong>nostro</strong></span> <span class='ocrx_word' id='word_1_60' title='bbox 1073 630 1150 658; x_wconf 89' lang='lat' dir='ltr'><strong>tum</strong></span> <span class='ocrx_word' id='word_1_61' title='bbox 1172 625 1362 659; x_wconf 87' lang='lat' dir='ltr'><strong>verborum</strong></span> <span class='ocrx_word' id='word_1_62' title='bbox 1382 625 1520 669; x_wconf 89' lang='lat' dir='ltr'><strong>copiam</strong></span> <span class='ocrx_word' id='word_1_63' title='bbox 1541 631 1618 659; x_wconf 90' lang='lat' dir='ltr'><strong>tum</strong></span> <span class='ocrx_word' id='word_1_64' title='bbox 1643 627 1940 671; x_wconf 87' lang='lat' dir='ltr'><strong>significationum</strong></span> <span class='ocrx_word' id='word_1_65' title='bbox 1963 630 2068 663; x_wconf 83' lang='lat' dir='ltr'><strong>fidem</strong></span> <span class='ocrx_word' id='word_1_66' title='bbox 2098 637 2350 675; x_wconf 81' lang='lat' dir='ltr'><strong>exspectantes,</strong></span> <span class='ocrx_word' id='word_1_67' title='bbox 2387 645 2429 668; x_wconf 85' lang='lat' dir='ltr'><strong>eo</strong></span> 
     </span>
     <span class='ocr_line' id='line_1_8' title="bbox 248 689 2431 745; baseline 0.005 -23"><span class='ocrx_word' id='word_1_68' title='bbox 248 689 359 733; x_wconf 85' lang='lat' dir='ltr'><strong>magis</strong></span> <span class='ocrx_word' id='word_1_69' title='bbox 381 689 615 723; x_wconf 87' lang='lat' dir='ltr'><strong>necessarium</strong></span> <span class='ocrx_word' id='word_1_70' title='bbox 636 689 779 724; x_wconf 83' lang='lat' dir='ltr'><strong>videtur</strong></span> <span class='ocrx_word' id='word_1_71' title='bbox 802 689 923 735; x_wconf 83' lang='lat' dir='ltr'><strong>paucis</strong></span> <span class='ocrx_word' id='word_1_72' title='bbox 945 702 1138 735; x_wconf 85' lang='lat' dir='ltr'><strong>exponere,</strong></span> <span class='ocrx_word' id='word_1_73' title='bbox 1164 697 1240 724; x_wconf 87' lang='lat' dir='ltr'><strong>tum</strong></span> <span class='ocrx_word' id='word_1_74' title='bbox 1261 691 1357 736; x_wconf 91' lang='lat' dir='ltr'><strong>quod</strong></span> <span class='ocrx_word' id='word_1_75' title='bbox 1373 702 1446 724; x_wconf 88' lang='lat' dir='ltr'><strong>esse</strong></span> <span class='ocrx_word' id='word_1_76' title='bbox 1463 692 1588 726; x_wconf 88' lang='lat' dir='ltr'><strong>debeat</strong></span> <span class='ocrx_word' id='word_1_77' title='bbox 1603 693 1706 727; x_wconf 91' lang='lat' dir='ltr'><strong>lexici</strong></span> <span class='ocrx_word' id='word_1_78' title='bbox 1721 694 1920 729; x_wconf 88' lang='lat' dir='ltr'><strong>institutum</strong></span> <span class='ocrx_word' id='word_1_79' title='bbox 1931 722 1940 737; x_wconf 89' lang='lat'>‚</span> <span class='ocrx_word' id='word_1_80' title='bbox 1966 702 2042 729; x_wconf 88' lang='lat' dir='ltr'><strong>tum</strong></span> <span class='ocrx_word' id='word_1_81' title='bbox 2058 696 2120 741; x_wconf 89' lang='lat' dir='ltr'><strong>qui</strong></span> <span class='ocrx_word' id='word_1_82' title='bbox 2135 697 2205 730; x_wconf 91' lang='lat' dir='ltr'><strong>sint</strong></span> <span class='ocrx_word' id='word_1_83' title='bbox 2218 698 2332 732; x_wconf 85' lang='lat' dir='ltr'><strong>nostri</strong></span> <span class='ocrx_word' id='word_1_84' title='bbox 2345 710 2431 745; x_wconf 85' lang='lat' dir='ltr'><strong>ope-</strong></span> 
     </span>
     <span class='ocr_line' id='line_1_9' title="bbox 247 756 608 791; baseline 0 -1"><span class='ocrx_word' id='word_1_85' title='bbox 247 757 297 790; x_wconf 88' lang='lat' dir='ltr'><strong>ris</strong></span> <span class='ocrx_word' id='word_1_86' title='bbox 312 762 345 791; x_wconf 90' lang='lat' dir='ltr'><strong>et</strong></span> <span class='ocrx_word' id='word_1_87' title='bbox 359 756 445 790; x_wconf 89' lang='lat' dir='ltr'><strong>fines</strong></span> <span class='ocrx_word' id='word_1_88' title='bbox 459 762 493 790; x_wconf 91' lang='lat' dir='ltr'><strong>et</strong></span> <span class='ocrx_word' id='word_1_89' title='bbox 507 756 608 791; x_wconf 83' lang='lat' dir='ltr'><strong>ratio.</strong></span> 
     </span>
    </p>

    <p class='ocr_par' dir='ltr' id='par_1_6' title="bbox 227 818 2430 2932">
     <span class='ocr_line' id='line_1_10' title="bbox 397 818 2430 882; baseline 0.004 -18"><span class='ocrx_word' id='word_1_90' title='bbox 397 828 559 864; x_wconf 90' lang='lat' dir='ltr'><strong>Primum</strong></span> <span class='ocrx_word' id='word_1_91' title='bbox 580 830 725 875; x_wconf 85' lang='lat' dir='ltr'><strong>quidem</strong></span> <span class='ocrx_word' id='word_1_92' title='bbox 748 819 1016 873; x_wconf 86' lang='lat' dir='ltr'><strong>elaborandum,</strong></span> <span class='ocrx_word' id='word_1_93' title='bbox 1049 838 1089 865; x_wconf 90' lang='lat' dir='ltr'><strong>ut</strong></span> <span class='ocrx_word' id='word_1_94' title='bbox 1112 818 1151 865; x_wconf 81' lang='lat' dir='ltr'><strong>ea</strong></span> <span class='ocrx_word' id='word_1_95' title='bbox 1173 818 1364 866; x_wconf 83' lang='lat' dir='ltr'><strong>verborum</strong></span> <span class='ocrx_word' id='word_1_96' title='bbox 1378 831 1497 877; x_wconf 88' lang='lat' dir='ltr'><strong>copia,</strong></span> <span class='ocrx_word' id='word_1_97' title='bbox 1528 845 1598 878; x_wconf 90' lang='lat' dir='ltr'><strong>qua</strong></span> <span class='ocrx_word' id='word_1_98' title='bbox 1620 833 1694 878; x_wconf 87' lang='lat' dir='ltr'><strong>ipsa</strong></span> <span class='ocrx_word' id='word_1_99' title='bbox 1709 834 1830 878; x_wconf 84' lang='lat' dir='ltr'><strong>ling-ua</strong></span> <span class='ocrx_word' id='word_1_100' title='bbox 1844 836 1987 879; x_wconf 84' lang='lat' dir='ltr'><strong>gaudet,</strong></span> <span class='ocrx_word' id='word_1_101' title='bbox 2012 836 2115 870; x_wconf 88' lang='lat' dir='ltr'><strong>lexici</strong></span> <span class='ocrx_word' id='word_1_102' title='bbox 2129 849 2235 882; x_wconf 87' lang='lat' dir='ltr'><strong>opere</strong></span> <span class='ocrx_word' id='word_1_103' title='bbox 2248 838 2430 874; x_wconf 81' lang='lat' dir='ltr'><strong>continea-</strong></span> 
     </span>
     <span class='ocr_line' id='line_1_11' title="bbox 247 893 2429 950; baseline 0.004 -20"><span class='ocrx_word' id='word_1_104' title='bbox 247 905 315 932; x_wconf 88' lang='lat' dir='ltr'><strong>tur.</strong></span> <span class='ocrx_word' id='word_1_105' title='bbox 374 893 424 930; x_wconf 91' lang='lat' dir='ltr'><strong>At</strong></span> <span class='ocrx_word' id='word_1_106' title='bbox 445 896 524 941; x_wconf 88' lang='lat' dir='ltr'><strong>quis</strong></span> <span class='ocrx_word' id='word_1_107' title='bbox 537 908 612 930; x_wconf 90' lang='lat' dir='ltr'><strong>non</strong></span> <span class='ocrx_word' id='word_1_108' title='bbox 632 897 728 931; x_wconf 86' lang='lat' dir='ltr'><strong>videt</strong></span> <span class='ocrx_word' id='word_1_109' title='bbox 748 894 855 930; x_wconf 91' lang='lat' dir='ltr'><strong>huius</strong></span> <span class='ocrx_word' id='word_1_110' title='bbox 878 898 930 931; x_wconf 89' lang='lat' dir='ltr'><strong>rei</strong></span> <span class='ocrx_word' id='word_1_111' title='bbox 949 897 1230 950; x_wconf 79' lang='lat' dir='ltr'><strong>magnitudinem</strong></span> <span class='ocrx_word' id='word_1_112' title='bbox 1251 897 1459 943; x_wconf 88' lang='lat' dir='ltr'><strong>praesertim</strong></span> <span class='ocrx_word' id='word_1_113' title='bbox 1479 898 1518 931; x_wconf 91' lang='lat' dir='ltr'><strong>in</strong></span> <span class='ocrx_word' id='word_1_114' title='bbox 1541 898 1661 942; x_wconf 88' lang='lat' dir='ltr'><strong>lingua</strong></span> <span class='ocrx_word' id='word_1_115' title='bbox 1677 897 1855 935; x_wconf 81' lang='lat' dir='ltr'><strong>Arabica?</strong></span> <span class='ocrx_word' id='word_1_116' title='bbox 1904 900 1958 935; x_wconf 88' lang='lat' dir='ltr'><strong>Ea</strong></span> <span class='ocrx_word' id='word_1_117' title='bbox 1981 903 2076 936; x_wconf 83' lang='lat' dir='ltr'><strong>enim</strong></span> <span class='ocrx_word' id='word_1_118' title='bbox 2091 903 2211 947; x_wconf 86' lang='lat' dir='ltr'><strong>lingua</strong></span> <span class='ocrx_word' id='word_1_119' title='bbox 2224 915 2298 938; x_wconf 91' lang='lat' dir='ltr'><strong>non</strong></span> <span class='ocrx_word' id='word_1_120' title='bbox 2312 905 2429 939; x_wconf 86' lang='lat' dir='ltr'><strong>solum</strong></span> 
     </span>
     <span class='ocr_line' id='line_1_12' title="bbox 248 962 2428 1012; baseline 0.003 -14"><span class='ocrx_word' id='word_1_121' title='bbox 248 962 420 998; x_wconf 85' lang='lat' dir='ltr'><strong>ditissima</strong></span> <span class='ocrx_word' id='word_1_122' title='bbox 444 969 496 996; x_wconf 87' lang='lat' dir='ltr'><strong>est</strong></span> <span class='ocrx_word' id='word_1_123' title='bbox 521 963 699 1004; x_wconf 89' lang='lat' dir='ltr'><strong>omnium,</strong></span> <span class='ocrx_word' id='word_1_124' title='bbox 732 963 791 997; x_wconf 91' lang='lat' dir='ltr'><strong>sed</strong></span> <span class='ocrx_word' id='word_1_125' title='bbox 814 963 999 1008; x_wconf 85' lang='lat' dir='ltr'><strong>scriptores</strong></span> <span class='ocrx_word' id='word_1_126' title='bbox 1022 963 1127 997; x_wconf 88' lang='lat' dir='ltr'><strong>etiam</strong></span> <span class='ocrx_word' id='word_1_127' title='bbox 1147 965 1297 1010; x_wconf 87' lang='lat' dir='ltr'><strong>protulit</strong></span> <span class='ocrx_word' id='word_1_128' title='bbox 1311 976 1421 1009; x_wconf 89' lang='lat' dir='ltr'><strong>paene</strong></span> <span class='ocrx_word' id='word_1_129' title='bbox 1438 964 1733 1007; x_wconf 86' lang='lat' dir='ltr'><strong>innumerabiles,</strong></span> <span class='ocrx_word' id='word_1_130' title='bbox 1769 967 1831 1012; x_wconf 92' lang='lat' dir='ltr'><strong>qui</strong></span> <span class='ocrx_word' id='word_1_131' title='bbox 1849 980 1960 1012; x_wconf 88' lang='lat' dir='ltr'><strong>quum</strong></span> <span class='ocrx_word' id='word_1_132' title='bbox 1976 969 2047 1004; x_wconf 89' lang='lat' dir='ltr'><strong>sint</strong></span> <span class='ocrx_word' id='word_1_133' title='bbox 2071 969 2131 1003; x_wconf 85' lang='lat' dir='ltr'><strong>div</strong></span> <span class='ocrx_word' id='word_1_134' title='bbox 2122 970 2251 1004; x_wconf 67' lang='lat' dir='ltr'><strong>ersLet</strong></span> <span class='ocrx_word' id='word_1_135' title='bbox 2266 977 2377 1006; x_wconf 80' lang='lat' dir='ltr'><strong>aetate</strong></span> <span class='ocrx_word' id='word_1_136' title='bbox 2393 978 2428 1005; x_wconf 89' lang='lat' dir='ltr'><strong>et</strong></span> 
     </span>
     <span class='ocr_line' id='line_1_13' title="bbox 247 1029 2428 1077; baseline 0.004 -15"><span class='ocrx_word' id='word_1_137' title='bbox 247 1029 390 1074; x_wconf 85' lang='lat' dir='ltr'><strong>ingenio</strong></span> <span class='ocrx_word' id='word_1_138' title='bbox 414 1035 449 1063; x_wconf 90' lang='lat' dir='ltr'><strong>et</strong></span> <span class='ocrx_word' id='word_1_139' title='bbox 471 1041 492 1062; x_wconf 94' lang='lat' dir='ltr'><strong>a</strong></span> <span class='ocrx_word' id='word_1_140' title='bbox 515 1029 644 1063; x_wconf 88' lang='lat' dir='ltr'><strong>nostris</strong></span> <span class='ocrx_word' id='word_1_141' title='bbox 666 1029 826 1063; x_wconf 88' lang='lat' dir='ltr'><strong>moribus</strong></span> <span class='ocrx_word' id='word_1_142' title='bbox 845 1030 996 1064; x_wconf 82' lang='lat' dir='ltr'><strong>maxime</strong></span> <span class='ocrx_word' id='word_1_143' title='bbox 1010 1030 1136 1073; x_wconf 87' lang='lat' dir='ltr'><strong>alieni,</strong></span> <span class='ocrx_word' id='word_1_144' title='bbox 1161 1043 1236 1065; x_wconf 92' lang='lat' dir='ltr'><strong>non</strong></span> <span class='ocrx_word' id='word_1_145' title='bbox 1250 1037 1398 1076; x_wconf 91' lang='lat' dir='ltr'><strong>possunt</strong></span> <span class='ocrx_word' id='word_1_146' title='bbox 1413 1031 1501 1076; x_wconf 90' lang='lat' dir='ltr'><strong>quin</strong></span> <span class='ocrx_word' id='word_1_147' title='bbox 1517 1031 1588 1065; x_wconf 90' lang='lat' dir='ltr'><strong>sint</strong></span> <span class='ocrx_word' id='word_1_148' title='bbox 1603 1031 1741 1076; x_wconf 89' lang='lat' dir='ltr'><strong>saepius</strong></span> <span class='ocrx_word' id='word_1_149' title='bbox 1758 1033 1910 1069; x_wconf 90' lang='lat' dir='ltr'><strong>obscuri.</strong></span> <span class='ocrx_word' id='word_1_150' title='bbox 1968 1033 2087 1077; x_wconf 86' lang='lat' dir='ltr'><strong>Quare</strong></span> <span class='ocrx_word' id='word_1_151' title='bbox 2109 1047 2214 1068; x_wconf 87' lang='lat' dir='ltr'><strong>nemo</strong></span> <span class='ocrx_word' id='word_1_152' title='bbox 2231 1035 2343 1070; x_wconf 83' lang='lat' dir='ltr'><strong>iustus</strong></span> <span class='ocrx_word' id='word_1_153' title='bbox 2357 1030 2428 1071; x_wconf 80' lang='lat' dir='ltr'><strong>hu-</strong></span> 
     </span>
     <span class='ocr_line' id='line_1_14' title="bbox 246 1087 2426 1146; baseline 0.004 -18"><span class='ocrx_word' id='word_1_154' title='bbox 246 1095 371 1141; x_wconf 90' lang='lat' dir='ltr'><strong>iusque</strong></span> <span class='ocrx_word' id='word_1_155' title='bbox 396 1094 449 1128; x_wconf 90' lang='lat' dir='ltr'><strong>rei</strong></span> <span class='ocrx_word' id='word_1_156' title='bbox 470 1095 603 1140; x_wconf 89' lang='lat' dir='ltr'><strong>peritus</strong></span> <span class='ocrx_word' id='word_1_157' title='bbox 624 1107 644 1129; x_wconf 87' lang='lat' dir='ltr'><strong>a</strong></span> <span class='ocrx_word' id='word_1_158' title='bbox 664 1107 720 1129; x_wconf 92' lang='lat' dir='ltr'><strong>me</strong></span> <span class='ocrx_word' id='word_1_159' title='bbox 736 1096 880 1141; x_wconf 90' lang='lat' dir='ltr'><strong>quidem</strong></span> <span class='ocrx_word' id='word_1_160' title='bbox 899 1093 1060 1130; x_wconf 84' lang='lat' dir='ltr'><strong>omnium</strong></span> <span class='ocrx_word' id='word_1_161' title='bbox 1074 1097 1183 1131; x_wconf 86' lang='lat' dir='ltr'><strong>totius</strong></span> <span class='ocrx_word' id='word_1_162' title='bbox 1197 1097 1338 1141; x_wconf 87' lang='lat' dir='ltr'><strong>linguae</strong></span> <span class='ocrx_word' id='word_1_163' title='bbox 1353 1109 1481 1131; x_wconf 81' lang='lat' dir='ltr'><strong>vocum</strong></span> <span class='ocrx_word' id='word_1_164' title='bbox 1495 1104 1555 1131; x_wconf 86' lang='lat' dir='ltr'><strong>aut</strong></span> <span class='ocrx_word' id='word_1_165' title='bbox 1568 1097 1812 1132; x_wconf 82' lang='lat' dir='ltr'><strong>collectionem</strong></span> <span class='ocrx_word' id='word_1_166' title='bbox 1827 1106 1887 1135; x_wconf 91' lang='lat' dir='ltr'><strong>aut</strong></span> <span class='ocrx_word' id='word_1_167' title='bbox 1902 1099 2170 1145; x_wconf 87' lang='lat' dir='ltr'><strong>explicationem</strong></span> <span class='ocrx_word' id='word_1_168' title='bbox 2184 1087 2426 1146; x_wconf 77' lang='lat' dir='ltr'><strong>postulaverit.</strong></span> 
     </span>
     <span class='ocr_line' id='line_1_15' title="bbox 247 1159 2426 1214; baseline 0.003 -18"><span class='ocrx_word' id='word_1_169' title='bbox 247 1160 320 1205; x_wconf 87' lang='lat' dir='ltr'><strong>Qui</strong></span> <span class='ocrx_word' id='word_1_170' title='bbox 341 1161 437 1195; x_wconf 87' lang='lat' dir='ltr'><strong>enim</strong></span> <span class='ocrx_word' id='word_1_171' title='bbox 460 1161 537 1195; x_wconf 88' lang='lat' dir='ltr'><strong>fieri</strong></span> <span class='ocrx_word' id='word_1_172' title='bbox 557 1161 707 1206; x_wconf 83' lang='lat' dir='ltr'><strong>potuit,</strong></span> <span class='ocrx_word' id='word_1_173' title='bbox 722 1169 763 1196; x_wconf 80' lang='lat' dir='ltr'><strong>ut</strong></span> <span class='ocrx_word' id='word_1_174' title='bbox 783 1169 917 1197; x_wconf 87' lang='lat' dir='ltr'><strong>tantam</strong></span> <span class='ocrx_word' id='word_1_175' title='bbox 937 1163 976 1197; x_wconf 87' lang='lat' dir='ltr'><strong>in</strong></span> <span class='ocrx_word' id='word_1_176' title='bbox 991 1170 1065 1197; x_wconf 90' lang='lat' dir='ltr'><strong>toto</strong></span> <span class='ocrx_word' id='word_1_177' title='bbox 1080 1170 1253 1197; x_wconf 82' lang='lat' dir='ltr'><strong>terrarum</strong></span> <span class='ocrx_word' id='word_1_178' title='bbox 1273 1164 1359 1197; x_wconf 89' lang='lat' dir='ltr'><strong>orbe</strong></span> <span class='ocrx_word' id='word_1_179' title='bbox 1379 1164 1591 1208; x_wconf 86' lang='lat' dir='ltr'><strong>scriptorum</strong></span> <span class='ocrx_word' id='word_1_180' title='bbox 1607 1165 1846 1210; x_wconf 87' lang='lat' dir='ltr'><strong>dispersorum</strong></span> <span class='ocrx_word' id='word_1_181' title='bbox 1860 1166 1998 1211; x_wconf 89' lang='lat' dir='ltr'><strong>copiam</strong></span> <span class='ocrx_word' id='word_1_182' title='bbox 2012 1166 2246 1213; x_wconf 84' lang='lat' dir='ltr'><strong>perlegerem,</strong></span> <span class='ocrx_word' id='word_1_183' title='bbox 2258 1159 2426 1214; x_wconf 64' lang='lat' dir='ltr'><strong>&#39;quorum</strong></span> 
     </span>
     <span class='ocr_line' id='line_1_16' title="bbox 245 1226 2425 1292; baseline 0.003 -30"><span class='ocrx_word' id='word_1_184' title='bbox 245 1228 351 1262; x_wconf 87' lang='lat' dir='ltr'><strong>etiam</strong></span> <span class='ocrx_word' id='word_1_185' title='bbox 364 1228 510 1262; x_wconf 90' lang='lat' dir='ltr'><strong>nomina</strong></span> <span class='ocrx_word' id='word_1_186' title='bbox 517 1234 663 1261; x_wconf 90' lang='lat' dir='ltr'><strong>tantum</strong></span> <span class='ocrx_word' id='word_1_187' title='bbox 680 1229 794 1270; x_wconf 87' lang='lat' dir='ltr'><strong>abest,</strong></span> <span class='ocrx_word' id='word_1_188' title='bbox 819 1236 859 1264; x_wconf 91' lang='lat' dir='ltr'><strong>ut</strong></span> <span class='ocrx_word' id='word_1_189' title='bbox 872 1229 943 1264; x_wconf 90' lang='lat' dir='ltr'><strong>sint</strong></span> <span class='ocrx_word' id='word_1_190' title='bbox 956 1228 1000 1263; x_wconf 90' lang='lat' dir='ltr'><strong>ab</strong></span> <span class='ocrx_word' id='word_1_191' title='bbox 1017 1226 1197 1263; x_wconf 90' lang='lat' dir='ltr'><strong>Arabibus</strong></span> <span class='ocrx_word' id='word_1_192' title='bbox 1212 1226 1303 1263; x_wconf 92' lang='lat' dir='ltr'><strong>hanc</strong></span> <span class='ocrx_word' id='word_1_193' title='bbox 1318 1241 1394 1263; x_wconf 90' lang='lat' dir='ltr'><strong>rem</strong></span> <span class='ocrx_word' id='word_1_194' title='bbox 1410 1231 1641 1265; x_wconf 83' lang='lat' dir='ltr'><strong>tractantibus</strong></span> <span class='ocrx_word' id='word_1_195' title='bbox 1662 1232 1850 1273; x_wconf 89' lang='lat' dir='ltr'><strong>recensita,</strong></span> <span class='ocrx_word' id='word_1_196' title='bbox 1872 1239 1911 1266; x_wconf 90' lang='lat' dir='ltr'><strong>ut</strong></span> <span class='ocrx_word' id='word_1_197' title='bbox 1925 1244 2089 1277; x_wconf 85' lang='lat' dir='ltr'><strong>magnam</strong></span> <span class='ocrx_word' id='word_1_198' title='bbox 2102 1240 2239 1278; x_wconf 89' lang='lat' dir='ltr'><strong>partem</strong></span> <span class='ocrx_word' id='word_1_199' title='bbox 2254 1234 2340 1292; x_wconf 73' lang='lat' dir='ltr'><strong>ipsis</strong></span> <span class='ocrx_word' id='word_1_200' title='bbox 2353 1234 2425 1270; x_wconf 85' lang='lat' dir='ltr'><strong>sint</strong></span> 
     </span>
     <span class='ocr_line' id='line_1_17' title="bbox 244 1290 2422 1344; baseline 0.004 -17"><span class='ocrx_word' id='word_1_201' title='bbox 244 1294 441 1338; x_wconf 87' lang='lat' dir='ltr'><strong>incognita.</strong></span> <span class='ocrx_word' id='word_1_202' title='bbox 466 1290 541 1328; x_wconf 87' lang='lat' dir='ltr'><strong>Aut</strong></span> <span class='ocrx_word' id='word_1_203' title='bbox 555 1306 644 1339; x_wconf 88' lang='lat' dir='ltr'><strong>quae</strong></span> <span class='ocrx_word' id='word_1_204' title='bbox 658 1292 748 1328; x_wconf 88' lang='lat' dir='ltr'><strong>mihi</strong></span> <span class='ocrx_word' id='word_1_205' title='bbox 762 1295 878 1340; x_wconf 90' lang='lat' dir='ltr'><strong>potuit</strong></span> <span class='ocrx_word' id='word_1_206' title='bbox 894 1307 965 1329; x_wconf 91' lang='lat' dir='ltr'><strong>esse</strong></span> <span class='ocrx_word' id='word_1_207' title='bbox 980 1302 1077 1331; x_wconf 89' lang='lat' dir='ltr'><strong>tanta</strong></span> <span class='ocrx_word' id='word_1_208' title='bbox 1094 1295 1264 1336; x_wconf 89' lang='lat' dir='ltr'><strong>doctrina,</strong></span> <span class='ocrx_word' id='word_1_209' title='bbox 1289 1302 1340 1337; x_wconf 89' lang='lat' dir='ltr'><strong>ut,</strong></span> <span class='ocrx_word' id='word_1_210' title='bbox 1364 1296 1502 1331; x_wconf 88' lang='lat' dir='ltr'><strong>etiamsi</strong></span> <span class='ocrx_word' id='word_1_211' title='bbox 1521 1298 1627 1331; x_wconf 82' lang='lat' dir='ltr'><strong>breve</strong></span> <span class='ocrx_word' id='word_1_212' title='bbox 1640 1298 1732 1331; x_wconf 89' lang='lat' dir='ltr'><strong>vitae</strong></span> <span class='ocrx_word' id='word_1_213' title='bbox 1751 1298 1903 1343; x_wconf 90' lang='lat' dir='ltr'><strong>spatium</strong></span> <span class='ocrx_word' id='word_1_214' title='bbox 1917 1298 1988 1332; x_wconf 90' lang='lat' dir='ltr'><strong>illis</strong></span> <span class='ocrx_word' id='word_1_215' title='bbox 2004 1299 2224 1344; x_wconf 82' lang='lat' dir='ltr'><strong>perlegendis</strong></span> <span class='ocrx_word' id='word_1_216' title='bbox 2239 1295 2422 1342; x_wconf 74' lang='lat' dir='ltr'><strong>sufficeret,</strong></span> 
     </span>
     <span class='ocr_line' id='line_1_18' title="bbox 243 1359 2423 1412; baseline 0.003 -17"><span class='ocrx_word' id='word_1_217' title='bbox 243 1373 366 1395; x_wconf 81' lang='lat' dir='ltr'><strong>eorum</strong></span> <span class='ocrx_word' id='word_1_218' title='bbox 387 1361 493 1395; x_wconf 87' lang='lat' dir='ltr'><strong>etiam</strong></span> <span class='ocrx_word' id='word_1_219' title='bbox 516 1361 726 1406; x_wconf 79' lang='lat' dir='ltr'><strong>scriptorum</strong></span> <span class='ocrx_word' id='word_1_220' title='bbox 748 1373 854 1406; x_wconf 89' lang='lat' dir='ltr'><strong>opera</strong></span> <span class='ocrx_word' id='word_1_221' title='bbox 876 1368 969 1396; x_wconf 88' lang='lat' dir='ltr'><strong>recte</strong></span> <span class='ocrx_word' id='word_1_222' title='bbox 994 1362 1247 1406; x_wconf 86' lang='lat' dir='ltr'><strong>intelligerem,</strong></span> <span class='ocrx_word' id='word_1_223' title='bbox 1279 1361 1342 1407; x_wconf 88' lang='lat' dir='ltr'><strong>qui</strong></span> <span class='ocrx_word' id='word_1_224' title='bbox 1365 1368 1560 1398; x_wconf 87' lang='lat' dir='ltr'><strong>tractarunt</strong></span> <span class='ocrx_word' id='word_1_225' title='bbox 1580 1359 1783 1409; x_wconf 86' lang='lat' dir='ltr'><strong>disciplinas</strong></span> <span class='ocrx_word' id='word_1_226' title='bbox 1797 1362 1888 1398; x_wconf 89' lang='lat' dir='ltr'><strong>mihi</strong></span> <span class='ocrx_word' id='word_1_227' title='bbox 1901 1365 2006 1410; x_wconf 91' lang='lat' dir='ltr'><strong>plane</strong></span> <span class='ocrx_word' id='word_1_228' title='bbox 2019 1365 2195 1404; x_wconf 86' lang='lat' dir='ltr'><strong>obscuras.</strong></span> <span class='ocrx_word' id='word_1_229' title='bbox 2244 1364 2423 1412; x_wconf 64' lang='lat' dir='ltr'><strong>Equidem</strong></span> 
     </span>
     <span class='ocr_line' id='line_1_19' title="bbox 242 1425 2421 1481; baseline 0.002 -19"><span class='ocrx_word' id='word_1_230' title='bbox 242 1434 381 1462; x_wconf 87' lang='lat' dir='ltr'><strong>tantum</strong></span> <span class='ocrx_word' id='word_1_231' title='bbox 402 1425 494 1461; x_wconf 80' lang='lat' dir='ltr'><strong>mihi</strong></span> <span class='ocrx_word' id='word_1_232' title='bbox 517 1439 591 1461; x_wconf 86' lang='lat' dir='ltr'><strong>non</strong></span> <span class='ocrx_word' id='word_1_233' title='bbox 604 1429 748 1473; x_wconf 67' lang='lat' dir='ltr'><strong>[arrogo.</strong></span> <span class='ocrx_word' id='word_1_234' title='bbox 807 1426 998 1463; x_wconf 82' lang='lat' dir='ltr'><strong>Limitibus</strong></span> <span class='ocrx_word' id='word_1_235' title='bbox 1020 1428 1128 1473; x_wconf 86' lang='lat' dir='ltr'><strong>igitur</strong></span> <span class='ocrx_word' id='word_1_236' title='bbox 1149 1428 1360 1465; x_wconf 83' lang='lat' dir='ltr'><strong>arctioribus</strong></span> <span class='ocrx_word' id='word_1_237' title='bbox 1381 1440 1469 1474; x_wconf 91' lang='lat' dir='ltr'><strong>opus</strong></span> <span class='ocrx_word' id='word_1_238' title='bbox 1491 1436 1653 1472; x_wconf 85' lang='lat' dir='ltr'><strong>nostrum</strong></span> <span class='ocrx_word' id='word_1_239' title='bbox 1676 1430 1813 1466; x_wconf 90' lang='lat' dir='ltr'><strong>includi</strong></span> <span class='ocrx_word' id='word_1_240' title='bbox 1831 1443 1970 1466; x_wconf 87' lang='lat' dir='ltr'><strong>necesse</strong></span> <span class='ocrx_word' id='word_1_241' title='bbox 1994 1438 2067 1466; x_wconf 87' lang='lat' dir='ltr'><strong>erat</strong></span> <span class='ocrx_word' id='word_1_242' title='bbox 2075 1459 2089 1481; x_wconf 75' lang='lat'><strong>⁵.</strong></span> <span class='ocrx_word' id='word_1_243' title='bbox 2117 1438 2152 1467; x_wconf 88' lang='lat' dir='ltr'><strong>et</strong></span> <span class='ocrx_word' id='word_1_244' title='bbox 2165 1430 2421 1479; x_wconf 72' lang='lat' dir='ltr'><strong>aequis-reique</strong></span> 
     </span>
     <span class='ocr_line' id='line_1_20' title="bbox 241 1489 2422 1546; baseline 0.003 -19"><span class='ocrx_word' id='word_1_245' title='bbox 241 1489 364 1539; x_wconf 86' lang='lat' dir='ltr'><strong>peritis</strong></span> <span class='ocrx_word' id='word_1_246' title='bbox 385 1494 562 1528; x_wconf 88' lang='lat' dir='ltr'><strong>iudicibus</strong></span> <span class='ocrx_word' id='word_1_247' title='bbox 583 1506 640 1528; x_wconf 90' lang='lat' dir='ltr'><strong>me</strong></span> <span class='ocrx_word' id='word_1_248' title='bbox 663 1494 920 1529; x_wconf 85' lang='lat' dir='ltr'><strong>satisfacturum</strong></span> <span class='ocrx_word' id='word_1_249' title='bbox 941 1495 1125 1541; x_wconf 88' lang='lat' dir='ltr'><strong>putabam,</strong></span> <span class='ocrx_word' id='word_1_250' title='bbox 1153 1495 1183 1530; x_wconf 93' lang='lat' dir='ltr'><strong>si</strong></span> <span class='ocrx_word' id='word_1_251' title='bbox 1206 1507 1243 1530; x_wconf 90' lang='lat' dir='ltr'><strong>ea</strong></span> <span class='ocrx_word' id='word_1_252' title='bbox 1265 1495 1489 1542; x_wconf 88' lang='lat' dir='ltr'><strong>potissimum</strong></span> <span class='ocrx_word' id='word_1_253' title='bbox 1507 1496 1615 1532; x_wconf 82' lang='lat' dir='ltr'><strong>verba</strong></span> <span class='ocrx_word' id='word_1_254' title='bbox 1642 1497 1680 1532; x_wconf 93' lang='lat' dir='ltr'><strong>in</strong></span> <span class='ocrx_word' id='word_1_255' title='bbox 1698 1509 1802 1544; x_wconf 91' lang='lat' dir='ltr'><strong>opere</strong></span> <span class='ocrx_word' id='word_1_256' title='bbox 1816 1509 1895 1533; x_wconf 86' lang='lat' dir='ltr'><strong>meo</strong></span> <span class='ocrx_word' id='word_1_257' title='bbox 1912 1498 2157 1544; x_wconf 83' lang='lat' dir='ltr'><strong>explicassem,</strong></span> <span class='ocrx_word' id='word_1_258' title='bbox 2181 1509 2271 1546; x_wconf 87' lang='lat' dir='ltr'><strong>quae</strong></span> <span class='ocrx_word' id='word_1_259' title='bbox 2286 1499 2422 1533; x_wconf 85' lang='lat' dir='ltr'><strong>intelli-</strong></span> 
     </span>
     <span class='ocr_line' id='line_1_21' title="bbox 242 1552 2421 1610; baseline 0.003 -17"><span class='ocrx_word' id='word_1_260' title='bbox 242 1560 364 1604; x_wconf 87' lang='lat' dir='ltr'><strong>gendis</strong></span> <span class='ocrx_word' id='word_1_261' title='bbox 377 1560 605 1606; x_wconf 77' lang='lat' dir='ltr'><strong>scriptoribus</strong></span> <span class='ocrx_word' id='word_1_262' title='bbox 620 1568 654 1596; x_wconf 87' lang='lat' dir='ltr'><strong>et</strong></span> <span class='ocrx_word' id='word_1_263' title='bbox 667 1561 802 1606; x_wconf 87' lang='lat' dir='ltr'><strong>primae</strong></span> <span class='ocrx_word' id='word_1_264' title='bbox 818 1569 851 1596; x_wconf 91' lang='lat' dir='ltr'><strong>et</strong></span> <span class='ocrx_word' id='word_1_265' title='bbox 865 1562 1001 1596; x_wconf 89' lang='lat' dir='ltr'><strong>mediae</strong></span> <span class='ocrx_word' id='word_1_266' title='bbox 1016 1563 1138 1597; x_wconf 88' lang='lat' dir='ltr'><strong>aetatis</strong></span> <span class='ocrx_word' id='word_1_267' title='bbox 1154 1564 1367 1606; x_wconf 85' lang='lat' dir='ltr'><strong>sufficerent,</strong></span> <span class='ocrx_word' id='word_1_268' title='bbox 1387 1564 1517 1610; x_wconf 90' lang='lat' dir='ltr'><strong>quibus</strong></span> <span class='ocrx_word' id='word_1_269' title='bbox 1531 1564 1657 1599; x_wconf 87' lang='lat' dir='ltr'><strong>iisdem</strong></span> <span class='ocrx_word' id='word_1_270' title='bbox 1669 1565 1726 1599; x_wconf 91' lang='lat' dir='ltr'><strong>usi</strong></span> <span class='ocrx_word' id='word_1_271' title='bbox 1740 1577 1812 1599; x_wconf 90' lang='lat' dir='ltr'><strong>esse</strong></span> <span class='ocrx_word' id='word_1_272' title='bbox 1826 1552 1993 1600; x_wconf 64' lang='lat' dir='ltr'><strong>&gt;videntur</strong></span> <span class='ocrx_word' id='word_1_273' title='bbox 2007 1565 2047 1599; x_wconf 91' lang='lat' dir='ltr'><strong>in</strong></span> <span class='ocrx_word' id='word_1_274' title='bbox 2061 1565 2181 1600; x_wconf 83' lang='lat' dir='ltr'><strong>lexicis</strong></span> <span class='ocrx_word' id='word_1_275' title='bbox 2195 1560 2421 1601; x_wconf 83' lang='lat' dir='ltr'><strong>conficiendis</strong></span> 
     </span>
     <span class='ocr_line' id='line_1_22' title="bbox 241 1623 2420 1678; baseline 0.002 -18"><span class='ocrx_word' id='word_1_276' title='bbox 241 1623 455 1671; x_wconf 90' lang='lat' dir='ltr'><strong>Djeuharius</strong></span> <span class='ocrx_word' id='word_1_277' title='bbox 471 1633 504 1662; x_wconf 89' lang='lat' dir='ltr'><strong>et</strong></span> <span class='ocrx_word' id='word_1_278' title='bbox 518 1634 598 1672; x_wconf 86' lang='lat' dir='ltr'><strong>post</strong></span> <span class='ocrx_word' id='word_1_279' title='bbox 613 1639 693 1661; x_wconf 90' lang='lat' dir='ltr'><strong>eum</strong></span> <span class='ocrx_word' id='word_1_280' title='bbox 706 1628 829 1662; x_wconf 82' lang='lat' dir='ltr'><strong>vivens</strong></span> <span class='ocrx_word' id='word_1_281' title='bbox 842 1627 1106 1665; x_wconf 80' lang='lat' dir='ltr'><strong>Firuzabadius.</strong></span> <span class='ocrx_word' id='word_1_282' title='bbox 1157 1627 1297 1664; x_wconf 89' lang='lat' dir='ltr'><strong>Horum</strong></span> <span class='ocrx_word' id='word_1_283' title='bbox 1313 1630 1422 1674; x_wconf 87' lang='lat' dir='ltr'><strong>igitur</strong></span> <span class='ocrx_word' id='word_1_284' title='bbox 1440 1631 1607 1676; x_wconf 90' lang='lat' dir='ltr'><strong>operibus</strong></span> <span class='ocrx_word' id='word_1_285' title='bbox 1623 1631 1751 1665; x_wconf 86' lang='lat' dir='ltr'><strong>iterum</strong></span> <span class='ocrx_word' id='word_1_286' title='bbox 1767 1632 1964 1678; x_wconf 87' lang='lat' dir='ltr'><strong>iterumque</strong></span> <span class='ocrx_word' id='word_1_287' title='bbox 1982 1632 2219 1677; x_wconf 73' lang='lat' dir='ltr'><strong>perlustratis,</strong></span> <span class='ocrx_word' id='word_1_288' title='bbox 2244 1631 2420 1677; x_wconf 76' lang='lat' dir='ltr'><strong>quidquid</strong></span> 
     </span>
     <span class='ocr_line' id='line_1_23' title="bbox 227 1682 2420 1743; baseline 0.002 -17"><span class='ocrx_word' id='word_1_289' title='bbox 227 1683 330 1727; x_wconf 52' lang='lat' dir='ltr'><strong>&#39;scitu</strong></span> <span class='ocrx_word' id='word_1_290' title='bbox 347 1693 495 1738; x_wconf 86' lang='lat' dir='ltr'><strong>dignum</strong></span> <span class='ocrx_word' id='word_1_291' title='bbox 509 1700 612 1735; x_wconf 88' lang='lat' dir='ltr'><strong>esset,</strong></span> <span class='ocrx_word' id='word_1_292' title='bbox 637 1694 677 1728; x_wconf 89' lang='lat' dir='ltr'><strong>in</strong></span> <span class='ocrx_word' id='word_1_293' title='bbox 690 1695 761 1728; x_wconf 90' lang='lat' dir='ltr'><strong>mei</strong></span> <span class='ocrx_word' id='word_1_294' title='bbox 775 1695 890 1740; x_wconf 90' lang='lat' dir='ltr'><strong>operis</strong></span> <span class='ocrx_word' id='word_1_295' title='bbox 904 1695 1066 1729; x_wconf 84' lang='lat' dir='ltr'><strong>ordinem</strong></span> <span class='ocrx_word' id='word_1_296' title='bbox 1080 1696 1262 1738; x_wconf 88' lang='lat' dir='ltr'><strong>transtuli;</strong></span> <span class='ocrx_word' id='word_1_297' title='bbox 1283 1693 1377 1730; x_wconf 91' lang='lat' dir='ltr'><strong>nihil</strong></span> <span class='ocrx_word' id='word_1_298' title='bbox 1389 1697 1577 1732; x_wconf 87' lang='lat' dir='ltr'><strong>videbatur</strong></span> <span class='ocrx_word' id='word_1_299' title='bbox 1593 1698 1689 1732; x_wconf 90' lang='lat' dir='ltr'><strong>enim</strong></span> <span class='ocrx_word' id='word_1_300' title='bbox 1705 1698 1940 1732; x_wconf 56' lang='lat' dir='ltr'><strong>tans-*consilio</strong></span> <span class='ocrx_word' id='word_1_301' title='bbox 1956 1704 2078 1731; x_wconf 90' lang='lat' dir='ltr'><strong>nostro</strong></span> <span class='ocrx_word' id='word_1_302' title='bbox 2095 1704 2226 1743; x_wconf 89' lang='lat' dir='ltr'><strong>aptum,</strong></span> <span class='ocrx_word' id='word_1_303' title='bbox 2244 1682 2420 1732; x_wconf 64' lang='lat' dir='ltr'><strong>tamsseon-</strong></span> 
     </span>
     <span class='ocr_line' id='line_1_24' title="bbox 240 1759 2419 1810; baseline 0.002 -18"><span class='ocrx_word' id='word_1_304' title='bbox 240 1759 387 1793; x_wconf 83' lang='lat' dir='ltr'><strong>veniens</strong></span> <span class='ocrx_word' id='word_1_305' title='bbox 408 1761 453 1794; x_wconf 92' lang='lat' dir='ltr'><strong>ad</strong></span> <span class='ocrx_word' id='word_1_306' title='bbox 474 1772 578 1794; x_wconf 88' lang='lat' dir='ltr'><strong>usum</strong></span> <span class='ocrx_word' id='word_1_307' title='bbox 601 1760 804 1796; x_wconf 82' lang='lat' dir='ltr'><strong>iuventutis.</strong></span> <span class='ocrx_word' id='word_1_308' title='bbox 867 1761 1054 1808; x_wconf 86' lang='lat' dir='ltr'><strong>Simulque</strong></span> <span class='ocrx_word' id='word_1_309' title='bbox 1081 1774 1155 1796; x_wconf 91' lang='lat' dir='ltr'><strong>non</strong></span> <span class='ocrx_word' id='word_1_310' title='bbox 1176 1774 1321 1808; x_wconf 85' lang='lat' dir='ltr'><strong>parvam</strong></span> <span class='ocrx_word' id='word_1_311' title='bbox 1348 1761 1566 1798; x_wconf 85' lang='lat' dir='ltr'><strong>scholiorum</strong></span> <span class='ocrx_word' id='word_1_312' title='bbox 1586 1770 1746 1798; x_wconf 87' lang='lat' dir='ltr'><strong>veterum</strong></span> <span class='ocrx_word' id='word_1_313' title='bbox 1771 1764 1910 1809; x_wconf 83' lang='lat' dir='ltr'><strong>copiam</strong></span> <span class='ocrx_word' id='word_1_314' title='bbox 1931 1763 2269 1810; x_wconf 68' lang='lat' dir='ltr'><strong>aliosque‘auctores</strong></span> <span class='ocrx_word' id='word_1_315' title='bbox 2287 1763 2419 1798; x_wconf 74' lang='lat' dir='ltr'><strong>multos</strong></span> 
     </span>
     <span class='ocr_line' id='line_1_25' title="bbox 239 1814 2418 1875; baseline 0.002 -15"><span class='ocrx_word' id='word_1_316' title='bbox 239 1820 367 1870; x_wconf 79' lang='lat' dir='ltr'><strong>magno</strong></span> <span class='ocrx_word' id='word_1_317' title='bbox 395 1838 474 1860; x_wconf 90' lang='lat' dir='ltr'><strong>cum</strong></span> <span class='ocrx_word' id='word_1_318' title='bbox 504 1827 622 1861; x_wconf 85' lang='lat' dir='ltr'><strong>studio</strong></span> <span class='ocrx_word' id='word_1_319' title='bbox 644 1827 870 1872; x_wconf 85' lang='lat' dir='ltr'><strong>pertractavi,</strong></span> <span class='ocrx_word' id='word_1_320' title='bbox 906 1828 1009 1873; x_wconf 89' lang='lat' dir='ltr'><strong>plura</strong></span> <span class='ocrx_word' id='word_1_321' title='bbox 1031 1840 1050 1862; x_wconf 92' lang='lat' dir='ltr'><strong>a</strong></span> <span class='ocrx_word' id='word_1_322' title='bbox 1072 1827 1219 1863; x_wconf 89' lang='lat' dir='ltr'><strong>Reiskio</strong></span> <span class='ocrx_word' id='word_1_323' title='bbox 1243 1836 1277 1863; x_wconf 90' lang='lat' dir='ltr'><strong>et</strong></span> <span class='ocrx_word' id='word_1_324' title='bbox 1299 1827 1366 1865; x_wconf 90' lang='lat' dir='ltr'><strong>Iac.</strong></span> <span class='ocrx_word' id='word_1_325' title='bbox 1388 1814 1614 1864; x_wconf 83' lang='lat' dir='ltr'><strong>Schultensio</strong></span> <span class='ocrx_word' id='word_1_326' title='bbox 1644 1829 1689 1863; x_wconf 91' lang='lat' dir='ltr'><strong>ad</strong></span> <span class='ocrx_word' id='word_1_327' title='bbox 1714 1828 1815 1865; x_wconf 87' lang='lat' dir='ltr'><strong>Golii</strong></span> <span class='ocrx_word' id='word_1_328' title='bbox 1834 1830 2029 1874; x_wconf 85' lang='lat' dir='ltr'><strong>marginem</strong></span> <span class='ocrx_word' id='word_1_329' title='bbox 2059 1830 2233 1875; x_wconf 82' lang='lat' dir='ltr'><strong>adscripta</strong></span> <span class='ocrx_word' id='word_1_330' title='bbox 2254 1829 2294 1862; x_wconf 88' lang='lat' dir='ltr'><strong>in</strong></span> <span class='ocrx_word' id='word_1_331' title='bbox 2313 1840 2418 1864; x_wconf 75' lang='lat' dir='ltr'><strong>usum</strong></span> 
     </span>
     <span class='ocr_line' id='line_1_26' title="bbox 238 1892 2418 1941; baseline 0.001 -15"><span class='ocrx_word' id='word_1_332' title='bbox 238 1904 358 1927; x_wconf 84' lang='lat' dir='ltr'><strong>meum</strong></span> <span class='ocrx_word' id='word_1_333' title='bbox 380 1893 555 1940; x_wconf 83' lang='lat' dir='ltr'><strong>converti,</strong></span> <span class='ocrx_word' id='word_1_334' title='bbox 583 1900 624 1928; x_wconf 89' lang='lat' dir='ltr'><strong>ut</strong></span> <span class='ocrx_word' id='word_1_335' title='bbox 644 1893 673 1929; x_wconf 81' lang='lat' dir='ltr'><strong>si</strong></span> <span class='ocrx_word' id='word_1_336' title='bbox 686 1894 805 1938; x_wconf 89' lang='lat' dir='ltr'><strong>plures</strong></span> <span class='ocrx_word' id='word_1_337' title='bbox 817 1902 895 1927; x_wconf 81' lang='lat' dir='ltr'><strong>meo</strong></span> <span class='ocrx_word' id='word_1_338' title='bbox 912 1906 1016 1939; x_wconf 92' lang='lat' dir='ltr'><strong>opere</strong></span> <span class='ocrx_word' id='word_1_339' title='bbox 1031 1901 1107 1928; x_wconf 88' lang='lat' dir='ltr'><strong>tum</strong></span> <span class='ocrx_word' id='word_1_340' title='bbox 1123 1906 1226 1929; x_wconf 87' lang='lat' dir='ltr'><strong>voces</strong></span> <span class='ocrx_word' id='word_1_341' title='bbox 1246 1902 1322 1930; x_wconf 90' lang='lat' dir='ltr'><strong>tum</strong></span> <span class='ocrx_word' id='word_1_342' title='bbox 1341 1907 1462 1930; x_wconf 90' lang='lat' dir='ltr'><strong>earum</strong></span> <span class='ocrx_word' id='word_1_343' title='bbox 1477 1895 1743 1941; x_wconf 79' lang='lat' dir='ltr'><strong>explicationeS,</strong></span> <span class='ocrx_word' id='word_1_344' title='bbox 1768 1907 1875 1941; x_wconf 84' lang='lat' dir='ltr'><strong>quam</strong></span> <span class='ocrx_word' id='word_1_345' title='bbox 1889 1902 1924 1930; x_wconf 88' lang='lat' dir='ltr'><strong>et</strong></span> <span class='ocrx_word' id='word_1_346' title='bbox 1939 1892 2127 1939; x_wconf 82' lang='lat' dir='ltr'><strong>Djeuharii</strong></span> <span class='ocrx_word' id='word_1_347' title='bbox 2142 1901 2177 1929; x_wconf 87' lang='lat' dir='ltr'><strong>et</strong></span> <span class='ocrx_word' id='word_1_348' title='bbox 2190 1892 2418 1929; x_wconf 59' lang='lat' dir='ltr'><strong>Firuzabadii</strong></span> 
     </span>
     <span class='ocr_line' id='line_1_27' title="bbox 238 1954 2418 2007; baseline 0.001 -15"><span class='ocrx_word' id='word_1_349' title='bbox 238 1954 414 1993; x_wconf 87' lang='lat' dir='ltr'><strong>contineri</strong></span> <span class='ocrx_word' id='word_1_350' title='bbox 428 1960 656 2003; x_wconf 85' lang='lat' dir='ltr'><strong>contendam,</strong></span> <span class='ocrx_word' id='word_1_351' title='bbox 676 1971 781 1994; x_wconf 91' lang='lat' dir='ltr'><strong>nemo</strong></span> <span class='ocrx_word' id='word_1_352' title='bbox 796 1957 863 1994; x_wconf 89' lang='lat' dir='ltr'><strong>hoc</strong></span> <span class='ocrx_word' id='word_1_353' title='bbox 879 1954 1101 2005; x_wconf 79' lang='lat' dir='ltr'><strong>arrogantius</strong></span> <span class='ocrx_word' id='word_1_354' title='bbox 1117 1960 1136 1994; x_wconf 87' lang='lat' dir='ltr'><strong>a</strong></span> <span class='ocrx_word' id='word_1_355' title='bbox 1151 1973 1208 1994; x_wconf 88' lang='lat' dir='ltr'><strong>me</strong></span> <span class='ocrx_word' id='word_1_356' title='bbox 1223 1962 1357 1996; x_wconf 91' lang='lat' dir='ltr'><strong>dictum</strong></span> <span class='ocrx_word' id='word_1_357' title='bbox 1371 1962 1631 1997; x_wconf 79' lang='lat' dir='ltr'><strong>existimaverit.</strong></span> <span class='ocrx_word' id='word_1_358' title='bbox 1686 1959 1810 2007; x_wconf 85' lang='lat' dir='ltr'><strong>Neque</strong></span> <span class='ocrx_word' id='word_1_359' title='bbox 1829 1973 1914 1995; x_wconf 85' lang='lat' dir='ltr'><strong>vero</strong></span> <span class='ocrx_word' id='word_1_360' title='bbox 1937 1961 2106 2007; x_wconf 87' lang='lat' dir='ltr'><strong>cuiusque</strong></span> <span class='ocrx_word' id='word_1_361' title='bbox 2119 1961 2204 1995; x_wconf 89' lang='lat' dir='ltr'><strong>artis</strong></span> <span class='ocrx_word' id='word_1_362' title='bbox 2216 1963 2320 1996; x_wconf 88' lang='lat' dir='ltr'><strong>voces</strong></span> <span class='ocrx_word' id='word_1_363' title='bbox 2332 1972 2418 2006; x_wconf 85' lang='lat' dir='ltr'><strong>pro-</strong></span> 
     </span>
     <span class='ocr_line' id='line_1_28' title="bbox 237 2023 2417 2072; baseline 0.001 -14"><span class='ocrx_word' id='word_1_364' title='bbox 237 2025 350 2070; x_wconf 88' lang='lat' dir='ltr'><strong>prias,</strong></span> <span class='ocrx_word' id='word_1_365' title='bbox 384 2038 471 2071; x_wconf 87' lang='lat' dir='ltr'><strong>quas</strong></span> <span class='ocrx_word' id='word_1_366' title='bbox 493 2026 616 2060; x_wconf 89' lang='lat' dir='ltr'><strong>dicunt</strong></span> <span class='ocrx_word' id='word_1_367' title='bbox 638 2023 834 2068; x_wconf 84' lang='lat' dir='ltr'><strong>technicas,</strong></span> <span class='ocrx_word' id='word_1_368' title='bbox 867 2038 1018 2072; x_wconf 91' lang='lat' dir='ltr'><strong>quarum</strong></span> <span class='ocrx_word' id='word_1_369' title='bbox 1039 2027 1078 2060; x_wconf 89' lang='lat' dir='ltr'><strong>in</strong></span> <span class='ocrx_word' id='word_1_370' title='bbox 1099 2027 1222 2072; x_wconf 84' lang='lat' dir='ltr'><strong>lingua</strong></span> <span class='ocrx_word' id='word_1_371' title='bbox 1244 2024 1397 2062; x_wconf 89' lang='lat' dir='ltr'><strong>Arabica</strong></span> <span class='ocrx_word' id='word_1_372' title='bbox 1412 2034 1509 2061; x_wconf 89' lang='lat' dir='ltr'><strong>tanta</strong></span> <span class='ocrx_word' id='word_1_373' title='bbox 1531 2027 1844 2072; x_wconf 75' lang='lat' dir='ltr'><strong>reperiturcopia,</strong></span> <span class='ocrx_word' id='word_1_374' title='bbox 1863 2034 1903 2061; x_wconf 89' lang='lat' dir='ltr'><strong>ut</strong></span> <span class='ocrx_word' id='word_1_375' title='bbox 1918 2023 2046 2071; x_wconf 77' lang='lat' dir='ltr'><strong>integri</strong></span> <span class='ocrx_word' id='word_1_376' title='bbox 2058 2026 2251 2062; x_wconf 82' lang='lat' dir='ltr'><strong>voluminis</strong></span> <span class='ocrx_word' id='word_1_377' title='bbox 2263 2026 2417 2072; x_wconf 76' lang='lat' dir='ltr'><strong>spatium</strong></span> 
     </span>
     <span class='ocr_line' id='line_1_29' title="bbox 238 2079 2415 2138; baseline 0.001 -15"><span class='ocrx_word' id='word_1_378' title='bbox 238 2091 398 2136; x_wconf 84' lang='lat' dir='ltr'><strong>impleat,</strong></span> <span class='ocrx_word' id='word_1_379' title='bbox 419 2093 576 2137; x_wconf 85' lang='lat' dir='ltr'><strong>neglexi,</strong></span> <span class='ocrx_word' id='word_1_380' title='bbox 607 2103 845 2138; x_wconf 86' lang='lat' dir='ltr'><strong>magnumque</strong></span> <span class='ocrx_word' id='word_1_381' title='bbox 859 2104 1049 2127; x_wconf 87' lang='lat' dir='ltr'><strong>numerum</strong></span> <span class='ocrx_word' id='word_1_382' title='bbox 1064 2100 1140 2128; x_wconf 91' lang='lat' dir='ltr'><strong>tum</strong></span> <span class='ocrx_word' id='word_1_383' title='bbox 1156 2105 1198 2127; x_wconf 86' lang='lat' dir='ltr'><strong>ex</strong></span> <span class='ocrx_word' id='word_1_384' title='bbox 1213 2093 1456 2138; x_wconf 86' lang='lat' dir='ltr'><strong>grammatica,</strong></span> <span class='ocrx_word' id='word_1_385' title='bbox 1481 2100 1558 2128; x_wconf 90' lang='lat' dir='ltr'><strong>tum</strong></span> <span class='ocrx_word' id='word_1_386' title='bbox 1572 2104 1614 2127; x_wconf 81' lang='lat' dir='ltr'><strong>ex</strong></span> <span class='ocrx_word' id='word_1_387' title='bbox 1629 2099 1703 2128; x_wconf 89' lang='lat' dir='ltr'><strong>arte</strong></span> <span class='ocrx_word' id='word_1_388' title='bbox 1717 2093 1861 2128; x_wconf 89' lang='lat' dir='ltr'><strong>metrica</strong></span> <span class='ocrx_word' id='word_1_389' title='bbox 1877 2100 1911 2127; x_wconf 88' lang='lat' dir='ltr'><strong>et</strong></span> <span class='ocrx_word' id='word_1_390' title='bbox 1924 2091 2111 2135; x_wconf 84' lang='lat' dir='ltr'><strong>rhetorica,</strong></span> <span class='ocrx_word' id='word_1_391' title='bbox 2133 2099 2212 2128; x_wconf 89' lang='lat' dir='ltr'><strong>tum</strong></span> <span class='ocrx_word' id='word_1_392' title='bbox 2225 2104 2266 2126; x_wconf 85' lang='lat' dir='ltr'><strong>ex</strong></span> <span class='ocrx_word' id='word_1_393' title='bbox 2281 2079 2362 2126; x_wconf 81' lang='lat' dir='ltr'><strong>aliis</strong></span> <span class='ocrx_word' id='word_1_394' title='bbox 2376 2092 2415 2126; x_wconf 88' lang='lat' dir='ltr'><strong>in</strong></span> 
     </span>
     <span class='ocr_line' id='line_1_30' title="bbox 238 2156 2416 2206; baseline 0 -15"><span class='ocrx_word' id='word_1_395' title='bbox 238 2169 326 2202; x_wconf 93' lang='lat' dir='ltr'><strong>opus</strong></span> <span class='ocrx_word' id='word_1_396' title='bbox 348 2158 492 2194; x_wconf 81' lang='lat' dir='ltr'><strong>inserui.</strong></span> <span class='ocrx_word' id='word_1_397' title='bbox 543 2158 614 2193; x_wconf 88' lang='lat' dir='ltr'><strong>Sed</strong></span> <span class='ocrx_word' id='word_1_398' title='bbox 630 2170 741 2205; x_wconf 87' lang='lat' dir='ltr'><strong>quum</strong></span> <span class='ocrx_word' id='word_1_399' title='bbox 756 2170 802 2192; x_wconf 90' lang='lat' dir='ltr'><strong>ne</strong></span> <span class='ocrx_word' id='word_1_400' title='bbox 819 2159 904 2204; x_wconf 85' lang='lat' dir='ltr'><strong>ipsis</strong></span> <span class='ocrx_word' id='word_1_401' title='bbox 920 2159 1064 2206; x_wconf 84' lang='lat' dir='ltr'><strong>quidem</strong></span> <span class='ocrx_word' id='word_1_402' title='bbox 1078 2156 1257 2195; x_wconf 84' lang='lat' dir='ltr'><strong>Arabibus</strong></span> <span class='ocrx_word' id='word_1_403' title='bbox 1270 2159 1482 2194; x_wconf 87' lang='lat' dir='ltr'><strong>doctissimis</strong></span> <span class='ocrx_word' id='word_1_404' title='bbox 1497 2165 1581 2194; x_wconf 90' lang='lat' dir='ltr'><strong>nota</strong></span> <span class='ocrx_word' id='word_1_405' title='bbox 1598 2159 1669 2194; x_wconf 86' lang='lat' dir='ltr'><strong>sint</strong></span> <span class='ocrx_word' id='word_1_406' title='bbox 1684 2171 1806 2194; x_wconf 88' lang='lat' dir='ltr'><strong>earum</strong></span> <span class='ocrx_word' id='word_1_407' title='bbox 1819 2171 1939 2194; x_wconf 89' lang='lat' dir='ltr'><strong>rerum</strong></span> <span class='ocrx_word' id='word_1_408' title='bbox 1960 2159 2152 2201; x_wconf 83' lang='lat' dir='ltr'><strong>vocabula,</strong></span> <span class='ocrx_word' id='word_1_409' title='bbox 2184 2170 2274 2205; x_wconf 85' lang='lat' dir='ltr'><strong>quae</strong></span> <span class='ocrx_word' id='word_1_410' title='bbox 2288 2158 2416 2205; x_wconf 84' lang='lat' dir='ltr'><strong>cuique</strong></span> 
     </span>
     <span class='ocr_line' id='line_1_31' title="bbox 238 2216 2415 2270; baseline 0 -12"><span class='ocrx_word' id='word_1_411' title='bbox 238 2224 305 2258; x_wconf 88' lang='lat' dir='ltr'><strong>arti</strong></span> <span class='ocrx_word' id='word_1_412' title='bbox 326 2231 430 2270; x_wconf 91' lang='lat' dir='ltr'><strong>atque</strong></span> <span class='ocrx_word' id='word_1_413' title='bbox 444 2225 608 2259; x_wconf 87' lang='lat' dir='ltr'><strong>scientiae</strong></span> <span class='ocrx_word' id='word_1_414' title='bbox 624 2216 766 2270; x_wconf 76' lang='lat' dir='ltr'><strong>propria</strong></span> <span class='ocrx_word' id='word_1_415' title='bbox 781 2222 838 2259; x_wconf 79' lang='lat' dir='ltr'><strong>his</strong></span> <span class='ocrx_word' id='word_1_416' title='bbox 859 2231 997 2259; x_wconf 88' lang='lat' dir='ltr'><strong>tantum</strong></span> <span class='ocrx_word' id='word_1_417' title='bbox 1012 2226 1317 2260; x_wconf 87' lang='lat' dir='ltr'><strong>accommodatum</strong></span> <span class='ocrx_word' id='word_1_418' title='bbox 1328 2222 1461 2260; x_wconf 86' lang='lat' dir='ltr'><strong>habent</strong></span> <span class='ocrx_word' id='word_1_419' title='bbox 1475 2237 1634 2268; x_wconf 89' lang='lat' dir='ltr'><strong>sensum,</strong></span> <span class='ocrx_word' id='word_1_420' title='bbox 1657 2238 1762 2260; x_wconf 88' lang='lat' dir='ltr'><strong>nemo</strong></span> <span class='ocrx_word' id='word_1_421' title='bbox 1778 2238 1798 2260; x_wconf 90' lang='lat' dir='ltr'><strong>a</strong></span> <span class='ocrx_word' id='word_1_422' title='bbox 1816 2238 1872 2259; x_wconf 90' lang='lat' dir='ltr'><strong>me</strong></span> <span class='ocrx_word' id='word_1_423' title='bbox 1893 2237 2014 2260; x_wconf 91' lang='lat' dir='ltr'><strong>earum</strong></span> <span class='ocrx_word' id='word_1_424' title='bbox 2032 2237 2152 2260; x_wconf 77' lang='lat' dir='ltr'><strong>rerum</strong></span> <span class='ocrx_word' id='word_1_425' title='bbox 2166 2224 2338 2260; x_wconf 68' lang='lat' dir='ltr'><strong>vocabula</strong></span> <span class='ocrx_word' id='word_1_426' title='bbox 2352 2236 2415 2259; x_wconf 80' lang='lat' dir='ltr'><strong>ex-</strong></span> 
     </span>
     <span class='ocr_line' id='line_1_32' title="bbox 236 2286 2414 2339; baseline 0 -15"><span class='ocrx_word' id='word_1_427' title='bbox 236 2291 363 2336; x_wconf 90' lang='lat' dir='ltr'><strong>plicata</strong></span> <span class='ocrx_word' id='word_1_428' title='bbox 378 2291 624 2337; x_wconf 87' lang='lat' dir='ltr'><strong>postulaverit,</strong></span> <span class='ocrx_word' id='word_1_429' title='bbox 653 2303 804 2337; x_wconf 81' lang='lat' dir='ltr'><strong>quarum</strong></span> <span class='ocrx_word' id='word_1_430' title='bbox 812 2291 982 2329; x_wconf 68' lang='lat' dir='ltr'><strong>{doctrina</strong></span> <span class='ocrx_word' id='word_1_431' title='bbox 997 2304 1072 2326; x_wconf 89' lang='lat' dir='ltr'><strong>non</strong></span> <span class='ocrx_word' id='word_1_432' title='bbox 1087 2303 1166 2329; x_wconf 84' lang='lat' dir='ltr'><strong>sum</strong></span> <span class='ocrx_word' id='word_1_433' title='bbox 1181 2292 1350 2328; x_wconf 87' lang='lat' dir='ltr'><strong>imbutus.</strong></span> <span class='ocrx_word' id='word_1_434' title='bbox 1402 2286 1538 2326; x_wconf 88' lang='lat' dir='ltr'><strong>Arabes</strong></span> <span class='ocrx_word' id='word_1_435' title='bbox 1551 2292 1650 2326; x_wconf 85' lang='lat' dir='ltr'><strong>enim</strong></span> <span class='ocrx_word' id='word_1_436' title='bbox 1664 2304 1879 2339; x_wconf 87' lang='lat' dir='ltr'><strong>quamquam</strong></span> <span class='ocrx_word' id='word_1_437' title='bbox 1893 2304 1967 2326; x_wconf 90' lang='lat' dir='ltr'><strong>non</strong></span> <span class='ocrx_word' id='word_1_438' title='bbox 1983 2291 2051 2337; x_wconf 84' lang='lat' dir='ltr'><strong>ipsi</strong></span> <span class='ocrx_word' id='word_1_439' title='bbox 2067 2291 2196 2326; x_wconf 84' lang='lat' dir='ltr'><strong>multas</strong></span> <span class='ocrx_word' id='word_1_440' title='bbox 2211 2290 2414 2336; x_wconf 72' lang='lat' dir='ltr'><strong>disciptinas</strong></span> 
     </span>
     <span class='ocr_line' id='line_1_33' title="bbox 237 2356 2412 2404; baseline 0 -14"><span class='ocrx_word' id='word_1_441' title='bbox 237 2364 339 2403; x_wconf 86' lang='lat' dir='ltr'><strong>atque</strong></span> <span class='ocrx_word' id='word_1_442' title='bbox 362 2365 453 2392; x_wconf 86' lang='lat' dir='ltr'><strong>artes</strong></span> <span class='ocrx_word' id='word_1_443' title='bbox 476 2357 707 2398; x_wconf 88' lang='lat' dir='ltr'><strong>invenerunt,</strong></span> <span class='ocrx_word' id='word_1_444' title='bbox 734 2364 852 2392; x_wconf 87' lang='lat' dir='ltr'><strong>tamen</strong></span> <span class='ocrx_word' id='word_1_445' title='bbox 867 2358 912 2392; x_wconf 88' lang='lat' dir='ltr'><strong>ab</strong></span> <span class='ocrx_word' id='word_1_446' title='bbox 930 2357 1008 2391; x_wconf 85' lang='lat' dir='ltr'><strong>aliis</strong></span> <span class='ocrx_word' id='word_1_447' title='bbox 1024 2358 1184 2393; x_wconf 85' lang='lat' dir='ltr'><strong>inventas</strong></span> <span class='ocrx_word' id='word_1_448' title='bbox 1205 2358 1463 2404; x_wconf 81' lang='lat' dir='ltr'><strong>amplificarunt</strong></span> <span class='ocrx_word' id='word_1_449' title='bbox 1478 2364 1512 2392; x_wconf 90' lang='lat' dir='ltr'><strong>et</strong></span> <span class='ocrx_word' id='word_1_450' title='bbox 1529 2365 1760 2401; x_wconf 82' lang='lat' dir='ltr'><strong>exornarunt,</strong></span> <span class='ocrx_word' id='word_1_451' title='bbox 1785 2365 1819 2392; x_wconf 90' lang='lat' dir='ltr'><strong>et</strong></span> <span class='ocrx_word' id='word_1_452' title='bbox 1832 2358 2013 2393; x_wconf 81' lang='lat' dir='ltr'><strong>vocabulis</strong></span> <span class='ocrx_word' id='word_1_453' title='bbox 2026 2357 2181 2403; x_wconf 83' lang='lat' dir='ltr'><strong>propriis</strong></span> <span class='ocrx_word' id='word_1_454' title='bbox 2195 2357 2285 2399; x_wconf 82' lang='lat' dir='ltr'><strong>sive,</strong></span> <span class='ocrx_word' id='word_1_455' title='bbox 2306 2363 2347 2391; x_wconf 86' lang='lat' dir='ltr'><strong>ut</strong></span> <span class='ocrx_word' id='word_1_456' title='bbox 2364 2356 2412 2391; x_wconf 86' lang='lat' dir='ltr'><strong>ita</strong></span> 
     </span>
     <span class='ocr_line' id='line_1_34' title="bbox 236 2419 2413 2471; baseline 0.001 -16"><span class='ocrx_word' id='word_1_457' title='bbox 236 2422 367 2465; x_wconf 85' lang='lat' dir='ltr'><strong>dicam,</strong></span> <span class='ocrx_word' id='word_1_458' title='bbox 399 2421 587 2465; x_wconf 81' lang='lat' dir='ltr'><strong>technicis,</strong></span> <span class='ocrx_word' id='word_1_459' title='bbox 612 2430 652 2457; x_wconf 90' lang='lat' dir='ltr'><strong>ut</strong></span> <span class='ocrx_word' id='word_1_460' title='bbox 666 2436 793 2458; x_wconf 87' lang='lat' dir='ltr'><strong>vocum</strong></span> <span class='ocrx_word' id='word_1_461' title='bbox 808 2419 1087 2468; x_wconf 86' lang='lat' dir='ltr'><strong>significationes,</strong></span> <span class='ocrx_word' id='word_1_462' title='bbox 1114 2437 1203 2471; x_wconf 89' lang='lat' dir='ltr'><strong>quae</strong></span> <span class='ocrx_word' id='word_1_463' title='bbox 1216 2431 1307 2459; x_wconf 89' lang='lat' dir='ltr'><strong>artes</strong></span> <span class='ocrx_word' id='word_1_464' title='bbox 1323 2431 1384 2459; x_wconf 89' lang='lat' dir='ltr'><strong>aut</strong></span> <span class='ocrx_word' id='word_1_465' title='bbox 1404 2424 1538 2459; x_wconf 88' lang='lat' dir='ltr'><strong>litteras</strong></span> <span class='ocrx_word' id='word_1_466' title='bbox 1553 2431 1724 2471; x_wconf 87' lang='lat' dir='ltr'><strong>spectant,</strong></span> <span class='ocrx_word' id='word_1_467' title='bbox 1749 2424 1945 2459; x_wconf 89' lang='lat' dir='ltr'><strong>accuratius</strong></span> <span class='ocrx_word' id='word_1_468' title='bbox 1959 2423 2252 2468; x_wconf 81' lang='lat' dir='ltr'><strong>intelligerentur,</strong></span> <span class='ocrx_word' id='word_1_469' title='bbox 2278 2422 2413 2458; x_wconf 82' lang='lat' dir='ltr'><strong>efficere</strong></span> 
     </span>
     <span class='ocr_line' id='line_1_35' title="bbox 236 2486 2413 2537; baseline 0 -15"><span class='ocrx_word' id='word_1_470' title='bbox 236 2490 457 2527; x_wconf 86' lang='lat' dir='ltr'><strong>studuerunt.</strong></span> <span class='ocrx_word' id='word_1_471' title='bbox 510 2488 596 2524; x_wconf 80' lang='lat' dir='ltr'><strong>Istas</strong></span> <span class='ocrx_word' id='word_1_472' title='bbox 624 2489 721 2524; x_wconf 91' lang='lat' dir='ltr'><strong>enim</strong></span> <span class='ocrx_word' id='word_1_473' title='bbox 736 2486 915 2525; x_wconf 77' lang='lat' dir='ltr'><strong>Arabihus</strong></span> <span class='ocrx_word' id='word_1_474' title='bbox 938 2490 1081 2524; x_wconf 86' lang='lat' dir='ltr'><strong>usitatas</strong></span> <span class='ocrx_word' id='word_1_475' title='bbox 1103 2503 1207 2526; x_wconf 88' lang='lat' dir='ltr'><strong>voces</strong></span> <span class='ocrx_word' id='word_1_476' title='bbox 1228 2498 1268 2525; x_wconf 88' lang='lat' dir='ltr'><strong>ut</strong></span> <span class='ocrx_word' id='word_1_477' title='bbox 1287 2497 1379 2525; x_wconf 80' lang='lat' dir='ltr'><strong>recte</strong></span> <span class='ocrx_word' id='word_1_478' title='bbox 1403 2490 1659 2534; x_wconf 83' lang='lat' dir='ltr'><strong>intelligamus,</strong></span> <span class='ocrx_word' id='word_1_479' title='bbox 1691 2491 1763 2527; x_wconf 87' lang='lat' dir='ltr'><strong>duo</strong></span> <span class='ocrx_word' id='word_1_480' title='bbox 1787 2490 2039 2537; x_wconf 84' lang='lat' dir='ltr'><strong>requiruntur,</strong></span> <span class='ocrx_word' id='word_1_481' title='bbox 2069 2499 2183 2524; x_wconf 86' lang='lat' dir='ltr'><strong>unum</strong></span> <span class='ocrx_word' id='word_1_482' title='bbox 2197 2495 2238 2523; x_wconf 88' lang='lat' dir='ltr'><strong>ut</strong></span> <span class='ocrx_word' id='word_1_483' title='bbox 2253 2488 2413 2533; x_wconf 77' lang='lat' dir='ltr'><strong>linguam</strong></span> 
     </span>
     <span class='ocr_line' id='line_1_36' title="bbox 235 2552 2412 2602; baseline 0 -14"><span class='ocrx_word' id='word_1_484' title='bbox 235 2553 425 2589; x_wconf 85' lang='lat' dir='ltr'><strong>Arabicam</strong></span> <span class='ocrx_word' id='word_1_485' title='bbox 447 2555 537 2589; x_wconf 82' lang='lat' dir='ltr'><strong>bene</strong></span> <span class='ocrx_word' id='word_1_486' title='bbox 550 2555 756 2597; x_wconf 89' lang='lat' dir='ltr'><strong>calleamus,</strong></span> <span class='ocrx_word' id='word_1_487' title='bbox 787 2556 938 2590; x_wconf 84' lang='lat' dir='ltr'><strong>alterum</strong></span> <span class='ocrx_word' id='word_1_488' title='bbox 952 2563 993 2590; x_wconf 88' lang='lat' dir='ltr'><strong>ut</strong></span> <span class='ocrx_word' id='word_1_489' title='bbox 1016 2557 1124 2591; x_wconf 87' lang='lat' dir='ltr'><strong>simus</strong></span> <span class='ocrx_word' id='word_1_490' title='bbox 1141 2557 1238 2591; x_wconf 65' lang='lat' dir='ltr'><strong>in-iis</strong></span> <span class='ocrx_word' id='word_1_491' title='bbox 1253 2556 1450 2602; x_wconf 87' lang='lat' dir='ltr'><strong>disciplinis</strong></span> <span class='ocrx_word' id='word_1_492' title='bbox 1471 2556 1675 2602; x_wconf 87' lang='lat' dir='ltr'><strong>artibusque</strong></span> <span class='ocrx_word' id='word_1_493' title='bbox 1698 2557 1843 2599; x_wconf 80' lang='lat' dir='ltr'><strong>versati,</strong></span> <span class='ocrx_word' id='word_1_494' title='bbox 1882 2568 2032 2602; x_wconf 86' lang='lat' dir='ltr'><strong>quarum</strong></span> <span class='ocrx_word' id='word_1_495' title='bbox 2052 2555 2217 2601; x_wconf 88' lang='lat' dir='ltr'><strong>propriae</strong></span> <span class='ocrx_word' id='word_1_496' title='bbox 2242 2552 2412 2590; x_wconf 38' lang='lat' dir='ltr'><strong>sunt‘hae</strong></span> 
     </span>
     <span class='ocr_line' id='line_1_37' title="bbox 234 2616 2412 2668; baseline 0 -14"><span class='ocrx_word' id='word_1_497' title='bbox 234 2632 344 2656; x_wconf 85' lang='lat' dir='ltr'><strong>voces.</strong></span> <span class='ocrx_word' id='word_1_498' title='bbox 392 2620 470 2656; x_wconf 91' lang='lat' dir='ltr'><strong>Hoc</strong></span> <span class='ocrx_word' id='word_1_499' title='bbox 486 2628 602 2656; x_wconf 85' lang='lat' dir='ltr'><strong>autem</strong></span> <span class='ocrx_word' id='word_1_500' title='bbox 615 2622 729 2656; x_wconf 79' lang='lat' dir='ltr'><strong>maius</strong></span> <span class='ocrx_word' id='word_1_501' title='bbox 742 2622 913 2668; x_wconf 87' lang='lat' dir='ltr'><strong>quiddam</strong></span> <span class='ocrx_word' id='word_1_502' title='bbox 929 2621 1020 2664; x_wconf 81' lang='lat' dir='ltr'><strong>esse,</strong></span> <span class='ocrx_word' id='word_1_503' title='bbox 1045 2634 1152 2668; x_wconf 83' lang='lat' dir='ltr'><strong>quam</strong></span> <span class='ocrx_word' id='word_1_504' title='bbox 1174 2629 1215 2657; x_wconf 91' lang='lat' dir='ltr'><strong>ut</strong></span> <span class='ocrx_word' id='word_1_505' title='bbox 1237 2623 1282 2656; x_wconf 84' lang='lat' dir='ltr'><strong>ab</strong></span> <span class='ocrx_word' id='word_1_506' title='bbox 1297 2634 1371 2657; x_wconf 89' lang='lat' dir='ltr'><strong>uno</strong></span> <span class='ocrx_word' id='word_1_507' title='bbox 1394 2623 1472 2657; x_wconf 86' lang='lat' dir='ltr'><strong>viro</strong></span> <span class='ocrx_word' id='word_1_508' title='bbox 1489 2622 1590 2658; x_wconf 89' lang='lat' dir='ltr'><strong>brevi</strong></span> <span class='ocrx_word' id='word_1_509' title='bbox 1602 2623 1695 2657; x_wconf 78' lang='lat' dir='ltr'><strong>vitae</strong></span> <span class='ocrx_word' id='word_1_510' title='bbox 1712 2622 1824 2668; x_wconf 78' lang='lat' dir='ltr'><strong>spatio</strong></span> <span class='ocrx_word' id='word_1_511' title='bbox 1841 2616 2009 2667; x_wconf 87' lang='lat' dir='ltr'><strong>praestari</strong></span> <span class='ocrx_word' id='word_1_512' title='bbox 2024 2622 2154 2667; x_wconf 89' lang='lat' dir='ltr'><strong>possit,</strong></span> <span class='ocrx_word' id='word_1_513' title='bbox 2188 2621 2269 2667; x_wconf 85' lang='lat' dir='ltr'><strong>quis</strong></span> <span class='ocrx_word' id='word_1_514' title='bbox 2283 2627 2336 2655; x_wconf 85' lang='lat' dir='ltr'><strong>est</strong></span> <span class='ocrx_word' id='word_1_515' title='bbox 2348 2620 2412 2666; x_wconf 85' lang='lat' dir='ltr'><strong>qui</strong></span> 
     </span>
     <span class='ocr_line' id='line_1_38' title="bbox 234 2674 2410 2734; baseline 0 -14"><span class='ocrx_word' id='word_1_516' title='bbox 234 2686 359 2731; x_wconf 82' lang='lat' dir='ltr'><strong>neget?</strong></span> <span class='ocrx_word' id='word_1_517' title='bbox 405 2686 547 2731; x_wconf 87' lang='lat' dir='ltr'><strong>Quanta</strong></span> <span class='ocrx_word' id='word_1_518' title='bbox 566 2687 662 2722; x_wconf 91' lang='lat' dir='ltr'><strong>enim</strong></span> <span class='ocrx_word' id='word_1_519' title='bbox 675 2693 726 2722; x_wconf 90' lang='lat' dir='ltr'><strong>est</strong></span> <span class='ocrx_word' id='word_1_520' title='bbox 740 2700 860 2722; x_wconf 83' lang='lat' dir='ltr'><strong>earum</strong></span> <span class='ocrx_word' id='word_1_521' title='bbox 880 2674 1010 2723; x_wconf 85' lang='lat' dir='ltr'><strong>artium</strong></span> <span class='ocrx_word' id='word_1_522' title='bbox 1023 2689 1217 2723; x_wconf 89' lang='lat' dir='ltr'><strong>multitudo</strong></span> <span class='ocrx_word' id='word_1_523' title='bbox 1228 2715 1238 2730; x_wconf 93' lang='lat'><strong>,</strong></span> <span class='ocrx_word' id='word_1_524' title='bbox 1261 2699 1348 2734; x_wconf 90' lang='lat' dir='ltr'><strong>quas</strong></span> <span class='ocrx_word' id='word_1_525' title='bbox 1365 2695 1399 2723; x_wconf 90' lang='lat' dir='ltr'><strong>et</strong></span> <span class='ocrx_word' id='word_1_526' title='bbox 1411 2689 1600 2724; x_wconf 25' lang='lat' dir='ltr'><strong>*coluerunt</strong></span> <span class='ocrx_word' id='word_1_527' title='bbox 1614 2686 1750 2723; x_wconf 85' lang='lat' dir='ltr'><strong>Arabes</strong></span> <span class='ocrx_word' id='word_1_528' title='bbox 1765 2695 1799 2723; x_wconf 89' lang='lat' dir='ltr'><strong>et</strong></span> <span class='ocrx_word' id='word_1_529' title='bbox 1814 2688 2058 2733; x_wconf 83' lang='lat' dir='ltr'><strong>perfecerunt?</strong></span> <span class='ocrx_word' id='word_1_530' title='bbox 2107 2675 2410 2734; x_wconf 84' lang='lat' dir='ltr'><strong>Acquiesce&#39;ndmn</strong></span> 
     </span>
     <span class='ocr_line' id='line_1_39' title="bbox 234 2751 2409 2801; baseline -0 -15"><span class='ocrx_word' id='word_1_531' title='bbox 234 2753 342 2797; x_wconf 86' lang='lat' dir='ltr'><strong>igitur</strong></span> <span class='ocrx_word' id='word_1_532' title='bbox 366 2759 418 2788; x_wconf 89' lang='lat' dir='ltr'><strong>est</strong></span> <span class='ocrx_word' id='word_1_533' title='bbox 439 2754 479 2788; x_wconf 91' lang='lat' dir='ltr'><strong>in</strong></span> <span class='ocrx_word' id='word_1_534' title='bbox 503 2753 612 2795; x_wconf 85' lang='lat' dir='ltr'><strong>votis,</strong></span> <span class='ocrx_word' id='word_1_535' title='bbox 642 2760 684 2788; x_wconf 90' lang='lat' dir='ltr'><strong>ut</strong></span> <span class='ocrx_word' id='word_1_536' title='bbox 704 2754 800 2800; x_wconf 88' lang='lat' dir='ltr'><strong>quod</strong></span> <span class='ocrx_word' id='word_1_537' title='bbox 823 2754 867 2789; x_wconf 88' lang='lat' dir='ltr'><strong>ab</strong></span> <span class='ocrx_word' id='word_1_538' title='bbox 886 2766 959 2789; x_wconf 92' lang='lat' dir='ltr'><strong>uno</strong></span> <span class='ocrx_word' id='word_1_539' title='bbox 976 2755 1054 2789; x_wconf 90' lang='lat' dir='ltr'><strong>viro</strong></span> <span class='ocrx_word' id='word_1_540' title='bbox 1069 2766 1145 2791; x_wconf 89' lang='lat' dir='ltr'><strong>non</strong></span> <span class='ocrx_word' id='word_1_541' title='bbox 1159 2761 1363 2801; x_wconf 82' lang='lat' dir='ltr'><strong>peragatur,</strong></span> <span class='ocrx_word' id='word_1_542' title='bbox 1389 2755 1426 2789; x_wconf 90' lang='lat' dir='ltr'><strong>id</strong></span> <span class='ocrx_word' id='word_1_543' title='bbox 1443 2755 1562 2800; x_wconf 87' lang='lat' dir='ltr'><strong>plures</strong></span> <span class='ocrx_word' id='word_1_544' title='bbox 1576 2755 1715 2790; x_wconf 77' lang='lat' dir='ltr'><strong>viribus</strong></span> <span class='ocrx_word' id='word_1_545' title='bbox 1727 2754 1926 2789; x_wconf 88' lang='lat' dir='ltr'><strong>coniunctis</strong></span> <span class='ocrx_word' id='word_1_546' title='bbox 1940 2754 2141 2799; x_wconf 71' lang='lat' dir='ltr'><strong>perficiant5</strong></span> <span class='ocrx_word' id='word_1_547' title='bbox 2169 2763 2296 2796; x_wconf 82' lang='lat' dir='ltr'><strong>magno</strong></span> <span class='ocrx_word' id='word_1_548' title='bbox 2313 2751 2409 2785; x_wconf 83' lang='lat' dir='ltr'><strong>enim</strong></span> 
     </span>
     <span class='ocr_line' id='line_1_40' title="bbox 232 2816 2408 2867; baseline -0.001 -14"><span class='ocrx_word' id='word_1_549' title='bbox 232 2819 374 2863; x_wconf 83' lang='lat' dir='ltr'><strong>linguae</strong></span> <span class='ocrx_word' id='word_1_550' title='bbox 381 2816 564 2861; x_wconf 87' lang='lat' dir='ltr'><strong>Arabicae,</strong></span> <span class='ocrx_word' id='word_1_551' title='bbox 580 2820 651 2854; x_wconf 90' lang='lat' dir='ltr'><strong>imo</strong></span> <span class='ocrx_word' id='word_1_552' title='bbox 664 2820 857 2855; x_wconf 84' lang='lat' dir='ltr'><strong>multarum</strong></span> <span class='ocrx_word' id='word_1_553' title='bbox 872 2820 1139 2866; x_wconf 86' lang='lat' dir='ltr'><strong>disciplinarum</strong></span> <span class='ocrx_word' id='word_1_554' title='bbox 1157 2828 1260 2867; x_wconf 88' lang='lat' dir='ltr'><strong>atque</strong></span> <span class='ocrx_word' id='word_1_555' title='bbox 1278 2821 1410 2857; x_wconf 83' lang='lat' dir='ltr'><strong>artium</strong></span> <span class='ocrx_word' id='word_1_556' title='bbox 1427 2821 1544 2855; x_wconf 85' lang='lat' dir='ltr'><strong>studio</strong></span> <span class='ocrx_word' id='word_1_557' title='bbox 1560 2828 1650 2855; x_wconf 85' lang='lat' dir='ltr'><strong>esset</strong></span> <span class='ocrx_word' id='word_1_558' title='bbox 1665 2820 1888 2862; x_wconf 88' lang='lat' dir='ltr'><strong>adiumento,</strong></span> <span class='ocrx_word' id='word_1_559' title='bbox 1908 2820 1939 2854; x_wconf 90' lang='lat' dir='ltr'><strong>si</strong></span> <span class='ocrx_word' id='word_1_560' title='bbox 1953 2831 2043 2866; x_wconf 86' lang='lat' dir='ltr'><strong>quae</strong></span> <span class='ocrx_word' id='word_1_561' title='bbox 2057 2818 2235 2853; x_wconf 85' lang='lat' dir='ltr'><strong>variarum</strong></span> <span class='ocrx_word' id='word_1_562' title='bbox 2251 2824 2286 2852; x_wconf 89' lang='lat' dir='ltr'><strong>et</strong></span> <span class='ocrx_word' id='word_1_563' title='bbox 2301 2817 2408 2852; x_wconf 72' lang='lat' dir='ltr'><strong>disci-</strong></span> 
     </span>
     <span class='ocr_line' id='line_1_41' title="bbox 231 2877 2408 2932; baseline -0.001 -13"><span class='ocrx_word' id='word_1_564' title='bbox 231 2885 411 2931; x_wconf 88' lang='lat' dir='ltr'><strong>plinarum</strong></span> <span class='ocrx_word' id='word_1_565' title='bbox 433 2893 468 2920; x_wconf 90' lang='lat' dir='ltr'><strong>et</strong></span> <span class='ocrx_word' id='word_1_566' title='bbox 480 2885 610 2921; x_wconf 88' lang='lat' dir='ltr'><strong>artium</strong></span> <span class='ocrx_word' id='word_1_567' title='bbox 621 2897 723 2920; x_wconf 86' lang='lat' dir='ltr'><strong>voces</strong></span> <span class='ocrx_word' id='word_1_568' title='bbox 739 2886 902 2931; x_wconf 88' lang='lat' dir='ltr'><strong>propriae</strong></span> <span class='ocrx_word' id='word_1_569' title='bbox 927 2886 966 2920; x_wconf 90' lang='lat' dir='ltr'><strong>in</strong></span> <span class='ocrx_word' id='word_1_570' title='bbox 989 2887 1112 2922; x_wconf 85' lang='lat' dir='ltr'><strong>multis</strong></span> <span class='ocrx_word' id='word_1_571' title='bbox 1131 2887 1233 2921; x_wconf 85' lang='lat' dir='ltr'><strong>libris</strong></span> <span class='ocrx_word' id='word_1_572' title='bbox 1256 2877 1437 2932; x_wconf 85' lang='lat' dir='ltr'><strong>dispersae</strong></span> <span class='ocrx_word' id='word_1_573' title='bbox 1450 2878 1551 2929; x_wconf 87' lang='lat' dir='ltr'><strong>sunt,</strong></span> <span class='ocrx_word' id='word_1_574' title='bbox 1584 2887 1623 2921; x_wconf 90' lang='lat' dir='ltr'><strong>in</strong></span> <span class='ocrx_word' id='word_1_575' title='bbox 1639 2887 1749 2921; x_wconf 85' lang='lat' dir='ltr'><strong>lexico</strong></span> <span class='ocrx_word' id='word_1_576' title='bbox 1772 2887 1938 2921; x_wconf 87' lang='lat' dir='ltr'><strong>collectae</strong></span> <span class='ocrx_word' id='word_1_577' title='bbox 1954 2892 1988 2920; x_wconf 87' lang='lat' dir='ltr'><strong>et</strong></span> <span class='ocrx_word' id='word_1_578' title='bbox 2002 2885 2192 2930; x_wconf 85' lang='lat' dir='ltr'><strong>explicatae</strong></span> <span class='ocrx_word' id='word_1_579' title='bbox 2207 2883 2408 2931; x_wconf 83' lang='lat' dir='ltr'><strong>reperiren-</strong></span> 
     </span>
    </p>
   </div>
  </div>
 </body>
</html>
