<?xml version="1.0" encoding="UTF-8"?>
<!DOCTYPE html PUBLIC "-//W3C//DTD XHTML 1.0 Transitional//EN"
    "http://www.w3.org/TR/xhtml1/DTD/xhtml1-transitional.dtd">
<html xmlns="http://www.w3.org/1999/xhtml" xml:lang="en" lang="en">
 <head>
  <title>
</title>
<meta http-equiv="Content-Type" content="text/html;charset=utf-8" />
  <meta name='ocr-system' content='tesseract 3.04.00' />
  <meta name='ocr-capabilities' content='ocr_page ocr_carea ocr_par ocr_line ocrx_word'/>
</head>
<body>
  <div class='ocr_page' id='page_1' title='image "./lexiconarabicola01freyuoft_0015.png"; bbox 0 0 2488 3210; ppageno 0'>
   <div class='ocr_carea' id='block_1_1' title="bbox 12 104 28 114">
    <p class='ocr_par' dir='ltr' id='par_1_1' title="bbox 12 104 28 114">
     <span class='ocr_line' id='line_1_1' title="bbox 12 104 28 114; baseline 0 -3"><span class='ocrx_word' id='word_1_1' title='bbox 12 104 28 114; x_wconf 45' lang='grc' dir='ltr'>ς</span> 
     </span>
    </p>
   </div>
   <div class='ocr_carea' id='block_1_2' title="bbox 1164 246 1266 254">
    <p class='ocr_par' dir='ltr' id='par_1_2' title="bbox 1164 246 1266 254">
     <span class='ocr_line' id='line_1_2' title="bbox 1164 246 1266 254; baseline 0 0"><span class='ocrx_word' id='word_1_2' title='bbox 1164 246 1266 254; x_wconf 95' lang='lat' dir='ltr'><strong> </strong></span> 
     </span>
    </p>
   </div>
   <div class='ocr_carea' id='block_1_3' title="bbox 0 184 1242 235">
    <p class='ocr_par' dir='ltr' id='par_1_3' title="bbox 0 184 1242 235">
     <span class='ocr_line' id='line_1_3' title="bbox 0 184 1242 235; baseline -0.006 0"><span class='ocrx_word' id='word_1_3' title='bbox 0 184 16 235; x_wconf 68' lang='grc' dir='ltr'><strong>ὲ·</strong></span> <span class='ocrx_word' id='word_1_4' title='bbox 1199 201 1242 228; x_wconf 81' lang='lat' dir='ltr'><strong>1x</strong></span> 
     </span>
    </p>
   </div>
   <div class='ocr_carea' id='block_1_4' title="bbox 0 283 2314 503">
    <p class='ocr_par' dir='ltr' id='par_1_4' title="bbox 0 283 2314 503">
     <span class='ocr_line' id='line_1_4' title="bbox 0 283 2314 358; baseline -0.005 -14"><span class='ocrx_word' id='word_1_5' title='bbox 0 284 42 358; x_wconf 23' lang='lat' dir='ltr'><strong>ff*</strong></span> <span class='ocrx_word' id='word_1_6' title='bbox 109 309 299 356; x_wconf 54' lang='lat' dir='ltr'><strong>merea</strong></span> <span class='ocrx_word' id='word_1_7' title='bbox 324 307 436 343; x_wconf 87' lang='lat' dir='ltr'><strong>libros</strong></span> <span class='ocrx_word' id='word_1_8' title='bbox 459 304 557 343; x_wconf 87' lang='lat' dir='ltr'><strong>haud</strong></span> <span class='ocrx_word' id='word_1_9' title='bbox 582 305 956 354; x_wconf 48' lang='lat' dir='ltr'><strong>spernendos‘ibidem</strong></span> <span class='ocrx_word' id='word_1_10' title='bbox 979 315 1106 349; x_wconf 85' lang='lat' dir='ltr'><strong>magna</strong></span> <span class='ocrx_word' id='word_1_11' title='bbox 1128 316 1208 339; x_wconf 92' lang='lat' dir='ltr'><strong>cum</strong></span> <span class='ocrx_word' id='word_1_12' title='bbox 1235 303 1420 348; x_wconf 83' lang='lat' dir='ltr'><strong>diligentia</strong></span> <span class='ocrx_word' id='word_1_13' title='bbox 1441 302 1669 349; x_wconf 74' lang='lat' dir='ltr'>pertractavi,</span> <span class='ocrx_word' id='word_1_14' title='bbox 1703 315 1814 338; x_wconf 88' lang='lat' dir='ltr'><strong>unum</strong></span> <span class='ocrx_word' id='word_1_15' title='bbox 1836 301 2045 348; x_wconf 86' lang='lat' dir='ltr'><strong>inscriptum</strong></span> <span class='ocrx_word' id='word_1_16' title='bbox 2061 283 2204 358; x_wconf 40' lang='lat' dir='ltr'><strong>,fitxass&#39;ffi</strong></span> <span class='ocrx_word' id='word_1_17' title='bbox 2225 300 2314 342; x_wconf 43' lang='lat' dir='ltr'><strong>aqut(</strong></span> 
     </span>
     <span class='ocr_line' id='line_1_5' title="bbox 0 355 2313 429; baseline -0.004 -7"><span class='ocrx_word' id='word_1_18' title='bbox 0 355 13 380; x_wconf 39' lang='grc' dir='ltr'>ἓ</span> <span class='ocrx_word' id='word_1_19' title='bbox 115 376 248 429; x_wconf 73' lang='lat' dir='ltr'><strong>„Liber</strong></span> <span class='ocrx_word' id='word_1_20' title='bbox 271 383 575 427; x_wconf 77' lang='lat' dir='ltr'><strong>contrari0n1m”,</strong></span> <span class='ocrx_word' id='word_1_21' title='bbox 609 390 751 419; x_wconf 91' lang='lat' dir='ltr'><strong>auctore</strong></span> <span class='ocrx_word' id='word_1_22' title='bbox 777 380 870 418; x_wconf 90' lang='lat' dir='ltr'><strong>mihi</strong></span> <span class='ocrx_word' id='word_1_23' title='bbox 891 381 1090 426; x_wconf 84' lang='lat' dir='ltr'><strong>incognito,</strong></span> <span class='ocrx_word' id='word_1_24' title='bbox 1123 380 1161 414; x_wconf 91' lang='lat' dir='ltr'><strong>in</strong></span> <span class='ocrx_word' id='word_1_25' title='bbox 1183 392 1253 427; x_wconf 89' lang='lat' dir='ltr'><strong>quo</strong></span> <span class='ocrx_word' id='word_1_26' title='bbox 1277 391 1406 414; x_wconf 90' lang='lat' dir='ltr'><strong>vocum</strong></span> <span class='ocrx_word' id='word_1_27' title='bbox 1423 379 1694 424; x_wconf 85' lang='lat' dir='ltr'><strong>significationes</strong></span> <span class='ocrx_word' id='word_1_28' title='bbox 1713 380 1751 414; x_wconf 91' lang='lat' dir='ltr'><strong>in</strong></span> <span class='ocrx_word' id='word_1_29' title='bbox 1764 392 1833 415; x_wconf 87' lang='lat' dir='ltr'><strong>usu</strong></span> <span class='ocrx_word' id='word_1_30' title='bbox 1847 379 2018 426; x_wconf 87' lang='lat' dir='ltr'><strong>loquendi</strong></span> <span class='ocrx_word' id='word_1_31' title='bbox 2032 380 2227 414; x_wconf 88' lang='lat' dir='ltr'><strong>contrariae</strong></span> <span class='ocrx_word' id='word_1_32' title='bbox 2244 379 2313 413; x_wconf 87' lang='lat' dir='ltr'><strong>sibi</strong></span> 
     </span>
     <span class='ocr_line' id='line_1_6' title="bbox 110 435 2312 503; baseline -0.003 -16"><span class='ocrx_word' id='word_1_33' title='bbox 110 435 304 487; x_wconf 64' lang='lat' dir='ltr'><strong>&#39;adnotatae</strong></span> <span class='ocrx_word' id='word_1_34' title='bbox 326 457 428 493; x_wconf 88' lang='lat' dir='ltr'><strong>sunt,</strong></span> <span class='ocrx_word' id='word_1_35' title='bbox 461 451 612 486; x_wconf 86' lang='lat' dir='ltr'><strong>alterum</strong></span> <span class='ocrx_word' id='word_1_36' title='bbox 637 449 736 485; x_wconf 88' lang='lat' dir='ltr'><strong>cuius</strong></span> <span class='ocrx_word' id='word_1_37' title='bbox 760 454 884 484; x_wconf 82' lang='lat' dir='ltr'><strong>auctor</strong></span> <span class='ocrx_word' id='word_1_38' title='bbox 906 445 1178 483; x_wconf 78' lang='lat' dir='ltr'><strong>Abu-Manzur</strong></span> <span class='ocrx_word' id='word_1_39' title='bbox 1205 443 1371 481; x_wconf 86' lang='lat' dir='ltr'><strong>Mauhub</strong></span> <span class='ocrx_word' id='word_1_40' title='bbox 1394 443 1640 481; x_wconf 86' lang='lat' dir='ltr'><strong>ben-Ahmed</strong></span> <span class='ocrx_word' id='word_1_41' title='bbox 1663 447 1769 503; x_wconf 45' lang='lat' dir='ltr'><strong>benl-</strong></span> <span class='ocrx_word' id='word_1_42' title='bbox 1784 443 2017 482; x_wconf 89' lang='lat' dir='ltr'><strong>Mohammed</strong></span> <span class='ocrx_word' id='word_1_43' title='bbox 2039 442 2312 488; x_wconf 85' lang='lat' dir='ltr'><strong>ben-Alchadr,</strong></span> 
     </span>
    </p>
   </div>
   <div class='ocr_carea' id='block_1_5' title="bbox 110 510 2313 628">
    <p class='ocr_par' dir='ltr' id='par_1_5' title="bbox 110 510 2313 628">
     <span class='ocr_line' id='line_1_7' title="bbox 115 510 2313 562; baseline -0.003 -9"><span class='ocrx_word' id='word_1_44' title='bbox 115 515 189 553; x_wconf 77' lang='lat' dir='ltr'><strong>nisi</strong></span> <span class='ocrx_word' id='word_1_45' title='bbox 205 516 312 552; x_wconf 81' lang='lat' dir='ltr'><strong>fallor</strong></span> <span class='ocrx_word' id='word_1_46' title='bbox 322 543 333 559; x_wconf 94' lang='lat'><strong>,</strong></span> <span class='ocrx_word' id='word_1_47' title='bbox 365 523 460 551; x_wconf 87' lang='lat' dir='ltr'><strong>sexto</strong></span> <span class='ocrx_word' id='word_1_48' title='bbox 483 523 563 562; x_wconf 85' lang='lat' dir='ltr'><strong>post</strong></span> <span class='ocrx_word' id='word_1_49' title='bbox 580 513 870 551; x_wconf 81' lang='lat' dir='ltr'><strong>Muhammedem</strong></span> <span class='ocrx_word' id='word_1_50' title='bbox 893 514 1031 549; x_wconf 85' lang='lat' dir='ltr'><strong>saeculo</strong></span> <span class='ocrx_word' id='word_1_51' title='bbox 1049 513 1148 550; x_wconf 86' lang='lat' dir='ltr'><strong>vixit.</strong></span> <span class='ocrx_word' id='word_1_52' title='bbox 1206 510 1359 556; x_wconf 81' lang='lat' dir='ltr'><strong>Collegit</strong></span> <span class='ocrx_word' id='word_1_53' title='bbox 1373 518 1496 547; x_wconf 81' lang='lat' dir='ltr'>auctor</span> <span class='ocrx_word' id='word_1_54' title='bbox 1514 519 1547 547; x_wconf 91' lang='lat' dir='ltr'><strong>et</strong></span> <span class='ocrx_word' id='word_1_55' title='bbox 1560 512 1747 559; x_wconf 84' lang='lat' dir='ltr'><strong>explicavit</strong></span> <span class='ocrx_word' id='word_1_56' title='bbox 1763 524 1867 547; x_wconf 91' lang='lat' dir='ltr'><strong>voces</strong></span> <span class='ocrx_word' id='word_1_57' title='bbox 1882 511 2083 558; x_wconf 90' lang='lat' dir='ltr'><strong>peregrinas</strong></span> <span class='ocrx_word' id='word_1_58' title='bbox 2098 511 2138 546; x_wconf 89' lang='lat' dir='ltr'><strong>in</strong></span> <span class='ocrx_word' id='word_1_59' title='bbox 2151 512 2313 557; x_wconf 79' lang='lat' dir='ltr'><strong>linguam</strong></span> 
     </span>
     <span class='ocr_line' id='line_1_8' title="bbox 110 576 2311 628; baseline -0.003 -9"><span class='ocrx_word' id='word_1_60' title='bbox 110 579 318 619; x_wconf 60' lang='lat' dir='ltr'><strong>³Atahicam‘</strong></span> <span class='ocrx_word' id='word_1_61' title='bbox 329 589 495 628; x_wconf 79' lang='lat' dir='ltr'><strong>receptas,</strong></span> <span class='ocrx_word' id='word_1_62' title='bbox 555 578 696 626; x_wconf 87' lang='lat' dir='ltr'><strong>Giggeii</strong></span> <span class='ocrx_word' id='word_1_63' title='bbox 718 594 774 616; x_wconf 91' lang='lat' dir='ltr'><strong>me</strong></span> <span class='ocrx_word' id='word_1_64' title='bbox 801 593 890 627; x_wconf 88' lang='lat' dir='ltr'><strong>opus</strong></span> <span class='ocrx_word' id='word_1_65' title='bbox 913 580 1060 615; x_wconf 89' lang='lat' dir='ltr'><strong>omnino</strong></span> <span class='ocrx_word' id='word_1_66' title='bbox 1082 578 1295 624; x_wconf 84' lang='lat' dir='ltr'><strong>neglexisse,</strong></span> <span class='ocrx_word' id='word_1_67' title='bbox 1327 576 1473 614; x_wconf 85' lang='lat' dir='ltr'><strong>Castelli</strong></span> <span class='ocrx_word' id='word_1_68' title='bbox 1492 591 1619 624; x_wconf 85' lang='lat' dir='ltr'><strong>pamm</strong></span> <span class='ocrx_word' id='word_1_69' title='bbox 1633 585 1772 614; x_wconf 89' lang='lat' dir='ltr'><strong>tantum</strong></span> <span class='ocrx_word' id='word_1_70' title='bbox 1794 579 1833 613; x_wconf 91' lang='lat' dir='ltr'><strong>in</strong></span> <span class='ocrx_word' id='word_1_71' title='bbox 1851 591 1956 614; x_wconf 88' lang='lat' dir='ltr'><strong>usum</strong></span> <span class='ocrx_word' id='word_1_72' title='bbox 1971 577 2186 622; x_wconf 88' lang='lat' dir='ltr'><strong>adhibuisse,</strong></span> <span class='ocrx_word' id='word_1_73' title='bbox 2206 591 2311 613; x_wconf 87' lang='lat' dir='ltr'><strong>nemo</strong></span> 
     </span>
    </p>
   </div>
   <div class='ocr_carea' id='block_1_6' title="bbox 0 643 2312 2947">
    <p class='ocr_par' dir='ltr' id='par_1_6' title="bbox 102 643 2312 1025">
     <span class='ocr_line' id='line_1_9' title="bbox 115 643 2312 694; baseline -0.003 -7"><span class='ocrx_word' id='word_1_74' title='bbox 115 647 247 691; x_wconf 70' lang='lat' dir='ltr'><strong>harum</strong></span> <span class='ocrx_word' id='word_1_75' title='bbox 261 660 384 685; x_wconf 70' lang='lat' dir='ltr'><strong>rerum</strong></span> <span class='ocrx_word' id='word_1_76' title='bbox 395 648 530 694; x_wconf 87' lang='lat' dir='ltr'><strong>peritus</strong></span> <span class='ocrx_word' id='word_1_77' title='bbox 547 647 778 694; x_wconf 77' lang='lat' dir='ltr'><strong>vituperabit,</strong></span> <span class='ocrx_word' id='word_1_78' title='bbox 805 660 916 694; x_wconf 87' lang='lat' dir='ltr'><strong>quum</strong></span> <span class='ocrx_word' id='word_1_79' title='bbox 934 649 1163 682; x_wconf 85' lang='lat' dir='ltr'><strong>eorum&#39;unus</strong></span> <span class='ocrx_word' id='word_1_80' title='bbox 1179 658 1221 680; x_wconf 86' lang='lat' dir='ltr'><strong>ex</strong></span> <span class='ocrx_word' id='word_1_81' title='bbox 1236 644 1464 680; x_wconf 85' lang='lat' dir='ltr'><strong>Firuzabadii</strong></span> <span class='ocrx_word' id='word_1_82' title='bbox 1480 656 1586 692; x_wconf 91' lang='lat' dir='ltr'><strong>opere</strong></span> <span class='ocrx_word' id='word_1_83' title='bbox 1600 645 1734 681; x_wconf 90' lang='lat' dir='ltr'><strong>librum</strong></span> <span class='ocrx_word' id='word_1_84' title='bbox 1749 658 1852 680; x_wconf 89' lang='lat' dir='ltr'><strong>suum</strong></span> <span class='ocrx_word' id='word_1_85' title='bbox 1873 645 2126 692; x_wconf 83' lang='lat' dir='ltr'><strong>composuerit,</strong></span> <span class='ocrx_word' id='word_1_86' title='bbox 2151 646 2240 680; x_wconf 88' lang='lat' dir='ltr'><strong>alter</strong></span> <span class='ocrx_word' id='word_1_87' title='bbox 2255 643 2312 680; x_wconf 86' lang='lat' dir='ltr'><strong>his</strong></span> 
     </span>
     <span class='ocr_line' id='line_1_10' title="bbox 108 695 2312 764; baseline -0.001 -14"><span class='ocrx_word' id='word_1_88' title='bbox 108 695 310 764; x_wconf 25' lang='lat' dir='ltr'><strong>*quadan-1,</strong></span> <span class='ocrx_word' id='word_1_89' title='bbox 343 721 379 750; x_wconf 82' lang='lat' dir='ltr'><strong>at</strong></span> <span class='ocrx_word' id='word_1_90' title='bbox 404 716 479 752; x_wconf 73' lang='lat' dir='ltr'><strong>non,</strong></span> <span class='ocrx_word' id='word_1_91' title='bbox 501 714 596 750; x_wconf 79' lang='lat' dir='ltr'><strong>bona</strong></span> <span class='ocrx_word' id='word_1_92' title='bbox 619 726 757 760; x_wconf 86' lang='lat' dir='ltr'><strong>semper</strong></span> <span class='ocrx_word' id='word_1_93' title='bbox 781 721 887 761; x_wconf 87' lang='lat' dir='ltr'><strong>atque</strong></span> <span class='ocrx_word' id='word_1_94' title='bbox 908 714 976 748; x_wconf 84' lang='lat' dir='ltr'><strong>fide</strong></span> <span class='ocrx_word' id='word_1_95' title='bbox 992 714 1112 758; x_wconf 87' lang='lat' dir='ltr'><strong>digna,</strong></span> <span class='ocrx_word' id='word_1_96' title='bbox 1134 711 1330 754; x_wconf 79' lang='lat' dir='ltr'><strong>addiderit,</strong></span> <span class='ocrx_word' id='word_1_97' title='bbox 1362 711 1450 758; x_wconf 86' lang='lat' dir='ltr'><strong>quid</strong></span> <span class='ocrx_word' id='word_1_98' title='bbox 1465 723 1614 758; x_wconf 84' lang='lat' dir='ltr'><strong>quaeso,</strong></span> <span class='ocrx_word' id='word_1_99' title='bbox 1638 719 1753 758; x_wconf 88' lang='lat' dir='ltr'><strong>potest</strong></span> <span class='ocrx_word' id='word_1_100' title='bbox 1768 724 1841 747; x_wconf 86' lang='lat' dir='ltr'><strong>esse</strong></span> <span class='ocrx_word' id='word_1_101' title='bbox 1856 712 2018 747; x_wconf 78' lang='lat' dir='ltr'><strong>utilitatis</strong></span> <span class='ocrx_word' id='word_1_102' title='bbox 2035 712 2074 747; x_wconf 87' lang='lat' dir='ltr'><strong>in</strong></span> <span class='ocrx_word' id='word_1_103' title='bbox 2089 713 2312 748; x_wconf 83' lang='lat' dir='ltr'><strong>conferendis</strong></span> 
     </span>
     <span class='ocr_line' id='line_1_11' title="bbox 114 770 2311 828; baseline -0.001 -12"><span class='ocrx_word' id='word_1_104' title='bbox 114 778 213 822; x_wconf 73' lang='lat' dir='ltr'><strong>hisee</strong></span> <span class='ocrx_word' id='word_1_105' title='bbox 232 780 337 818; x_wconf 81' lang='lat' dir='ltr'><strong>libris</strong></span> <span class='ocrx_word' id='word_1_106' title='bbox 362 780 412 823; x_wconf 90' lang='lat' dir='ltr'><strong>ei,</strong></span> <span class='ocrx_word' id='word_1_107' title='bbox 434 770 507 828; x_wconf 18' lang='lat' dir='ltr'><strong>*qui</strong></span> <span class='ocrx_word' id='word_1_108' title='bbox 532 787 604 815; x_wconf 90' lang='lat' dir='ltr'><strong>tam</strong></span> <span class='ocrx_word' id='word_1_109' title='bbox 620 778 809 826; x_wconf 88' lang='lat' dir='ltr'><strong>Djeuharii</strong></span> <span class='ocrx_word' id='word_1_110' title='bbox 834 793 941 827; x_wconf 88' lang='lat' dir='ltr'><strong>quam</strong></span> <span class='ocrx_word' id='word_1_111' title='bbox 958 779 1186 825; x_wconf 73' lang='lat' dir='ltr'><strong>Firuzabadii</strong></span> <span class='ocrx_word' id='word_1_112' title='bbox 1208 790 1297 824; x_wconf 88' lang='lat' dir='ltr'><strong>opus</strong></span> <span class='ocrx_word' id='word_1_113' title='bbox 1313 790 1388 813; x_wconf 90' lang='lat' dir='ltr'><strong>non</strong></span> <span class='ocrx_word' id='word_1_114' title='bbox 1403 778 1478 812; x_wconf 90' lang='lat' dir='ltr'><strong>sine</strong></span> <span class='ocrx_word' id='word_1_115' title='bbox 1496 779 1614 813; x_wconf 89' lang='lat' dir='ltr'><strong>studio</strong></span> <span class='ocrx_word' id='word_1_116' title='bbox 1631 785 1736 826; x_wconf 88' lang='lat' dir='ltr'><strong>atque</strong></span> <span class='ocrx_word' id='word_1_117' title='bbox 1750 778 1934 824; x_wconf 85' lang='lat' dir='ltr'><strong>diligentia</strong></span> <span class='ocrx_word' id='word_1_118' title='bbox 1950 779 2186 826; x_wconf 83' lang='lat' dir='ltr'><strong>pertractavit.</strong></span> <span class='ocrx_word' id='word_1_119' title='bbox 2237 778 2311 814; x_wconf 93' lang='lat' dir='ltr'><strong>Nec</strong></span> 
     </span>
     <span class='ocr_line' id='line_1_12' title="bbox 102 843 2310 894; baseline -0.001 -11"><span class='ocrx_word' id='word_1_120' title='bbox 102 843 206 883; x_wconf 81' lang='lat' dir='ltr'><strong>-mihi</strong></span> <span class='ocrx_word' id='word_1_121' title='bbox 231 853 305 888; x_wconf 73' lang='lat' dir='ltr'><strong>erat</strong></span> <span class='ocrx_word' id='word_1_122' title='bbox 331 847 400 882; x_wconf 77' lang='lat' dir='ltr'><strong>alia</strong></span> <span class='ocrx_word' id='word_1_123' title='bbox 423 858 544 892; x_wconf 69' lang='lat' dir='ltr'><strong>musa,</strong></span> <span class='ocrx_word' id='word_1_124' title='bbox 570 859 634 882; x_wconf 89' lang='lat' dir='ltr'><strong>cur</strong></span> <span class='ocrx_word' id='word_1_125' title='bbox 650 847 824 893; x_wconf 85' lang='lat' dir='ltr'><strong>plurium,</strong></span> <span class='ocrx_word' id='word_1_126' title='bbox 853 859 943 894; x_wconf 90' lang='lat' dir='ltr'><strong>quae</strong></span> <span class='ocrx_word' id='word_1_127' title='bbox 958 847 1002 881; x_wconf 90' lang='lat' dir='ltr'><strong>ad</strong></span> <span class='ocrx_word' id='word_1_128' title='bbox 1016 857 1143 881; x_wconf 86' lang='lat' dir='ltr'><strong>manus</strong></span> <span class='ocrx_word' id='word_1_129' title='bbox 1157 843 1350 888; x_wconf 87' lang='lat' dir='ltr'><strong>habebam,</strong></span> <span class='ocrx_word' id='word_1_130' title='bbox 1375 845 1568 880; x_wconf 89' lang='lat' dir='ltr'><strong>lexicorum</strong></span> <span class='ocrx_word' id='word_1_131' title='bbox 1585 843 1999 880; x_wconf 84' lang='lat' dir='ltr'><strong>Arabico-Persicorum</strong></span> <span class='ocrx_word' id='word_1_132' title='bbox 2015 846 2152 880; x_wconf 89' lang='lat' dir='ltr'><strong>nullam</strong></span> <span class='ocrx_word' id='word_1_133' title='bbox 2166 858 2310 892; x_wconf 90' lang='lat' dir='ltr'><strong>prorsus</strong></span> 
     </span>
     <span class='ocr_line' id='line_1_13' title="bbox 113 897 2310 968; baseline -0.001 -20"><span class='ocrx_word' id='word_1_134' title='bbox 113 899 289 968; x_wconf 54' lang='lat' dir='ltr'><strong>rationem</strong></span> <span class='ocrx_word' id='word_1_135' title='bbox 309 897 515 956; x_wconf 75' lang='lat' dir='ltr'><strong>habuerim,</strong></span> <span class='ocrx_word' id='word_1_136' title='bbox 549 913 719 948; x_wconf 84' lang='lat' dir='ltr'><strong>timebam</strong></span> <span class='ocrx_word' id='word_1_137' title='bbox 743 914 838 949; x_wconf 89' lang='lat' dir='ltr'><strong>enim</strong></span> <span class='ocrx_word' id='word_1_138' title='bbox 850 941 860 958; x_wconf 92' lang='lat'><strong>,</strong></span> <span class='ocrx_word' id='word_1_139' title='bbox 893 926 958 957; x_wconf 89' lang='lat' dir='ltr'><strong>ne,</strong></span> <span class='ocrx_word' id='word_1_140' title='bbox 989 925 1076 962; x_wconf 87' lang='lat' dir='ltr'><strong>quas</strong></span> <span class='ocrx_word' id='word_1_141' title='bbox 1091 911 1218 947; x_wconf 87' lang='lat' dir='ltr'><strong>Persae</strong></span> <span class='ocrx_word' id='word_1_142' title='bbox 1239 924 1304 960; x_wconf 90' lang='lat' dir='ltr'><strong>pro</strong></span> <span class='ocrx_word' id='word_1_143' title='bbox 1329 911 1463 956; x_wconf 82' lang='lat' dir='ltr'><strong>ingenii</strong></span> <span class='ocrx_word' id='word_1_144' title='bbox 1488 918 1522 946; x_wconf 88' lang='lat' dir='ltr'><strong>et</strong></span> <span class='ocrx_word' id='word_1_145' title='bbox 1537 911 1678 956; x_wconf 79' lang='lat' dir='ltr'><strong>linguae</strong></span> <span class='ocrx_word' id='word_1_146' title='bbox 1695 924 1777 947; x_wconf 91' lang='lat' dir='ltr'><strong>suae</strong></span> <span class='ocrx_word' id='word_1_147' title='bbox 1795 912 1933 947; x_wconf 88' lang='lat' dir='ltr'><strong>ratione</strong></span> <span class='ocrx_word' id='word_1_148' title='bbox 1948 913 2120 947; x_wconf 83' lang='lat' dir='ltr'><strong>mutarint</strong></span> <span class='ocrx_word' id='word_1_149' title='bbox 2135 913 2310 958; x_wconf 83' lang='lat' dir='ltr'><strong>significa-</strong></span> 
     </span>
     <span class='ocr_line' id='line_1_14' title="bbox 114 976 946 1025; baseline 0 -9"><span class='ocrx_word' id='word_1_150' title='bbox 114 978 250 1025; x_wconf 75' lang='lat' dir='ltr'><strong>tiones,</strong></span> <span class='ocrx_word' id='word_1_151' title='bbox 275 991 358 1014; x_wconf 87' lang='lat' dir='ltr'><strong>cum</strong></span> <span class='ocrx_word' id='word_1_152' title='bbox 376 991 472 1014; x_wconf 88' lang='lat' dir='ltr'><strong>mere</strong></span> <span class='ocrx_word' id='word_1_153' title='bbox 493 976 656 1015; x_wconf 84' lang='lat' dir='ltr'><strong>Arabicis</strong></span> <span class='ocrx_word' id='word_1_154' title='bbox 675 980 946 1016; x_wconf 86' lang='lat' dir='ltr'><strong>commiscerem.</strong></span> 
     </span>
    </p>

    <p class='ocr_par' dir='ltr' id='par_1_7' title="bbox 110 1029 2311 1427">
     <span class='ocr_line' id='line_1_15' title="bbox 264 1029 2311 1099; baseline 0 -18"><span class='ocrx_word' id='word_1_155' title='bbox 264 1029 399 1091; x_wconf 80' lang='lat' dir='ltr'><strong>Magno</strong></span> <span class='ocrx_word' id='word_1_156' title='bbox 417 1058 559 1099; x_wconf 81' lang='lat' dir='ltr'><strong>quoque</strong></span> <span class='ocrx_word' id='word_1_157' title='bbox 579 1043 671 1080; x_wconf 87' lang='lat' dir='ltr'><strong>mihi</strong></span> <span class='ocrx_word' id='word_1_158' title='bbox 688 1053 789 1081; x_wconf 87' lang='lat' dir='ltr'><strong>erant</strong></span> <span class='ocrx_word' id='word_1_159' title='bbox 811 1047 1015 1081; x_wconf 88' lang='lat' dir='ltr'><strong>adiumento</strong></span> <span class='ocrx_word' id='word_1_160' title='bbox 1037 1045 1236 1081; x_wconf 88' lang='lat' dir='ltr'><strong>carminum</strong></span> <span class='ocrx_word' id='word_1_161' title='bbox 1255 1042 1389 1080; x_wconf 90' lang='lat' dir='ltr'><strong>scholia</strong></span> <span class='ocrx_word' id='word_1_162' title='bbox 1403 1052 1531 1087; x_wconf 87' lang='lat' dir='ltr'><strong>vetera,</strong></span> <span class='ocrx_word' id='word_1_163' title='bbox 1551 1051 1628 1080; x_wconf 89' lang='lat' dir='ltr'><strong>tum</strong></span> <span class='ocrx_word' id='word_1_164' title='bbox 1647 1045 1685 1080; x_wconf 88' lang='lat' dir='ltr'><strong>in</strong></span> <span class='ocrx_word' id='word_1_165' title='bbox 1701 1045 2018 1091; x_wconf 86' lang='lat' dir='ltr'><strong>significationibus</strong></span> <span class='ocrx_word' id='word_1_166' title='bbox 2034 1047 2228 1082; x_wconf 86' lang='lat' dir='ltr'><strong>accuratius</strong></span> <span class='ocrx_word' id='word_1_167' title='bbox 2247 1048 2311 1081; x_wconf 89' lang='lat' dir='ltr'><strong>de-</strong></span> 
     </span>
     <span class='ocr_line' id='line_1_16' title="bbox 115 1108 2310 1159; baseline 0 -13"><span class='ocrx_word' id='word_1_168' title='bbox 115 1108 281 1148; x_wconf 77' lang='lat' dir='ltr'><strong>finiendis</strong></span> <span class='ocrx_word' id='word_1_169' title='bbox 298 1118 404 1159; x_wconf 84' lang='lat' dir='ltr'><strong>atque</strong></span> <span class='ocrx_word' id='word_1_170' title='bbox 420 1111 672 1157; x_wconf 80' lang='lat' dir='ltr'><strong>intelligendiS,</strong></span> <span class='ocrx_word' id='word_1_171' title='bbox 687 1119 764 1148; x_wconf 88' lang='lat' dir='ltr'><strong>tum</strong></span> <span class='ocrx_word' id='word_1_172' title='bbox 774 1113 813 1147; x_wconf 92' lang='lat' dir='ltr'><strong>in</strong></span> <span class='ocrx_word' id='word_1_173' title='bbox 827 1113 930 1155; x_wconf 91' lang='lat' dir='ltr'><strong>novis</strong></span> <span class='ocrx_word' id='word_1_174' title='bbox 946 1112 1180 1155; x_wconf 82' lang='lat' dir='ltr'><strong>inveniendis,</strong></span> <span class='ocrx_word' id='word_1_175' title='bbox 1198 1112 1290 1147; x_wconf 83' lang='lat' dir='ltr'><strong>inest</strong></span> <span class='ocrx_word' id='word_1_176' title='bbox 1305 1112 1402 1146; x_wconf 89' lang='lat' dir='ltr'><strong>enim</strong></span> <span class='ocrx_word' id='word_1_177' title='bbox 1419 1111 1531 1158; x_wconf 87' lang='lat' dir='ltr'><strong>ipsius</strong></span> <span class='ocrx_word' id='word_1_178' title='bbox 1544 1118 1667 1158; x_wconf 84' lang='lat' dir='ltr'><strong>poetae</strong></span> <span class='ocrx_word' id='word_1_179' title='bbox 1681 1114 1799 1148; x_wconf 89' lang='lat' dir='ltr'><strong>verbis</strong></span> <span class='ocrx_word' id='word_1_180' title='bbox 1812 1114 2006 1149; x_wconf 86' lang='lat' dir='ltr'><strong>maximum</strong></span> <span class='ocrx_word' id='word_1_181' title='bbox 2016 1120 2139 1148; x_wconf 89' lang='lat' dir='ltr'><strong>contra</strong></span> <span class='ocrx_word' id='word_1_182' title='bbox 2153 1125 2310 1148; x_wconf 90' lang='lat' dir='ltr'><strong>errorem</strong></span> 
     </span>
     <span class='ocr_line' id='line_1_17' title="bbox 114 1176 2311 1226; baseline 0 -13"><span class='ocrx_word' id='word_1_183' title='bbox 114 1177 247 1224; x_wconf 71' lang='lat' dir='ltr'><strong>legenti</strong></span> <span class='ocrx_word' id='word_1_184' title='bbox 254 1177 465 1216; x_wconf 79' lang='lat' dir='ltr'><strong>subsidium.</strong></span> <span class='ocrx_word' id='word_1_185' title='bbox 492 1177 590 1222; x_wconf 85' lang='lat' dir='ltr'><strong>Quot</strong></span> <span class='ocrx_word' id='word_1_186' title='bbox 603 1186 719 1214; x_wconf 88' lang='lat' dir='ltr'><strong>autem</strong></span> <span class='ocrx_word' id='word_1_187' title='bbox 733 1191 774 1213; x_wconf 86' lang='lat' dir='ltr'><strong>ex</strong></span> <span class='ocrx_word' id='word_1_188' title='bbox 786 1177 883 1214; x_wconf 87' lang='lat' dir='ltr'><strong>hisce</strong></span> <span class='ocrx_word' id='word_1_189' title='bbox 896 1179 1063 1225; x_wconf 90' lang='lat' dir='ltr'><strong>potiundi</strong></span> <span class='ocrx_word' id='word_1_190' title='bbox 1074 1176 1166 1213; x_wconf 90' lang='lat' dir='ltr'><strong>mihi</strong></span> <span class='ocrx_word' id='word_1_191' title='bbox 1177 1185 1250 1213; x_wconf 87' lang='lat' dir='ltr'><strong>erat</strong></span> <span class='ocrx_word' id='word_1_192' title='bbox 1262 1178 1420 1222; x_wconf 82' lang='lat' dir='ltr'><strong>facultas,</strong></span> <span class='ocrx_word' id='word_1_193' title='bbox 1438 1185 1490 1214; x_wconf 89' lang='lat' dir='ltr'><strong>tot</strong></span> <span class='ocrx_word' id='word_1_194' title='bbox 1504 1186 1565 1214; x_wconf 86' lang='lat' dir='ltr'><strong>aut</strong></span> <span class='ocrx_word' id='word_1_195' title='bbox 1576 1186 1647 1215; x_wconf 87' lang='lat' dir='ltr'><strong>tota</strong></span> <span class='ocrx_word' id='word_1_196' title='bbox 1658 1180 1791 1226; x_wconf 76' lang='lat' dir='ltr'><strong>perlegi</strong></span> <span class='ocrx_word' id='word_1_197' title='bbox 1805 1187 1866 1215; x_wconf 87' lang='lat' dir='ltr'><strong>aut</strong></span> <span class='ocrx_word' id='word_1_198' title='bbox 1880 1180 2003 1216; x_wconf 89' lang='lat' dir='ltr'><strong>saltem</strong></span> <span class='ocrx_word' id='word_1_199' title='bbox 2012 1179 2183 1226; x_wconf 88' lang='lat' dir='ltr'><strong>pervolvi.</strong></span> <span class='ocrx_word' id='word_1_200' title='bbox 2209 1179 2311 1224; x_wconf 85' lang='lat' dir='ltr'><strong>Quo-</strong></span> 
     </span>
     <span class='ocr_line' id='line_1_18' title="bbox 113 1233 2310 1298; baseline 0 -18"><span class='ocrx_word' id='word_1_201' title='bbox 113 1255 196 1282; x_wconf 76' lang='lat' dir='ltr'><strong>rum</strong></span> <span class='ocrx_word' id='word_1_202' title='bbox 207 1240 299 1279; x_wconf 84' lang='lat' dir='ltr'><strong>mihi</strong></span> <span class='ocrx_word' id='word_1_203' title='bbox 314 1241 399 1279; x_wconf 83' lang='lat' dir='ltr'><strong>haec</strong></span> <span class='ocrx_word' id='word_1_204' title='bbox 414 1245 637 1290; x_wconf 88' lang='lat' dir='ltr'><strong>potissimum</strong></span> <span class='ocrx_word' id='word_1_205' title='bbox 655 1245 835 1280; x_wconf 86' lang='lat' dir='ltr'><strong>mentione</strong></span> <span class='ocrx_word' id='word_1_206' title='bbox 851 1246 959 1290; x_wconf 88' lang='lat' dir='ltr'><strong>digna</strong></span> <span class='ocrx_word' id='word_1_207' title='bbox 976 1245 1154 1298; x_wconf 82' lang='lat' dir='ltr'><strong>videntur.</strong></span> <span class='ocrx_word' id='word_1_208' title='bbox 1187 1233 1362 1280; x_wconf 85' lang='lat' dir='ltr'><strong>Hamasae</strong></span> <span class='ocrx_word' id='word_1_209' title='bbox 1379 1246 1579 1296; x_wconf 83' lang='lat' dir='ltr'><strong>carminum</strong></span> <span class='ocrx_word' id='word_1_210' title='bbox 1595 1244 1742 1290; x_wconf 86' lang='lat' dir='ltr'><strong>scholia,</strong></span> <span class='ocrx_word' id='word_1_211' title='bbox 1758 1253 1834 1282; x_wconf 90' lang='lat' dir='ltr'><strong>tum</strong></span> <span class='ocrx_word' id='word_1_212' title='bbox 1843 1245 2138 1289; x_wconf 89' lang='lat' dir='ltr'><strong>Hudseilitarum‚</strong></span> <span class='ocrx_word' id='word_1_213' title='bbox 2152 1245 2310 1291; x_wconf 89' lang='lat' dir='ltr'><strong>Djeririi,</strong></span> 
     </span>
     <span class='ocr_line' id='line_1_19' title="bbox 110 1295 2311 1361; baseline 0.001 -15"><span class='ocrx_word' id='word_1_214' title='bbox 110 1295 351 1352; x_wconf 63' lang='lat' dir='ltr'><strong>Mannabbii,</strong></span> <span class='ocrx_word' id='word_1_215' title='bbox 376 1307 460 1346; x_wconf 87' lang='lat' dir='ltr'><strong>Abu</strong></span> <span class='ocrx_word' id='word_1_216' title='bbox 470 1309 620 1354; x_wconf 80' lang='lat' dir='ltr'><strong>l&#39;Ahlae‚</strong></span> <span class='ocrx_word' id='word_1_217' title='bbox 637 1309 792 1347; x_wconf 89' lang='lat' dir='ltr'><strong>Ohmari</strong></span> <span class='ocrx_word' id='word_1_218' title='bbox 805 1309 1076 1354; x_wconf 87' lang='lat' dir='ltr'><strong>ben—Faredhi‚</strong></span> <span class='ocrx_word' id='word_1_219' title='bbox 1092 1309 1423 1355; x_wconf 86' lang='lat' dir='ltr'><strong>Abu-Tammami,</strong></span> <span class='ocrx_word' id='word_1_220' title='bbox 1445 1319 1577 1359; x_wconf 86' lang='lat' dir='ltr'><strong>septem</strong></span> <span class='ocrx_word' id='word_1_221' title='bbox 1594 1313 1803 1356; x_wconf 88' lang='lat' dir='ltr'><strong>carminum,</strong></span> <span class='ocrx_word' id='word_1_222' title='bbox 1829 1314 1959 1361; x_wconf 88' lang='lat' dir='ltr'><strong>quibus</strong></span> <span class='ocrx_word' id='word_1_223' title='bbox 1967 1312 2165 1348; x_wconf 82' lang='lat' dir='ltr'><strong>Moallakat</strong></span> <span class='ocrx_word' id='word_1_224' title='bbox 2179 1325 2311 1348; x_wconf 90' lang='lat' dir='ltr'><strong>nomen</strong></span> 
     </span>
     <span class='ocr_line' id='line_1_20' title="bbox 113 1376 2311 1427; baseline 0 -14"><span class='ocrx_word' id='word_1_225' title='bbox 113 1383 184 1420; x_wconf 64' lang='lat' dir='ltr'><strong>ost,</strong></span> <span class='ocrx_word' id='word_1_226' title='bbox 206 1387 272 1413; x_wconf 74' lang='lat' dir='ltr'><strong>nec</strong></span> <span class='ocrx_word' id='word_1_227' title='bbox 289 1389 363 1412; x_wconf 85' lang='lat' dir='ltr'><strong>non</strong></span> <span class='ocrx_word' id='word_1_228' title='bbox 379 1376 557 1412; x_wconf 74' lang='lat' dir='ltr'><strong>Meidunii</strong></span> <span class='ocrx_word' id='word_1_229' title='bbox 573 1379 846 1424; x_wconf 82' lang='lat' dir='ltr'><strong>proverbiorum</strong></span> <span class='ocrx_word' id='word_1_230' title='bbox 858 1385 968 1426; x_wconf 22' lang='lat' dir='ltr'><strong>ratque</strong></span> <span class='ocrx_word' id='word_1_231' title='bbox 986 1377 1124 1413; x_wconf 86' lang='lat' dir='ltr'><strong>Haririi</strong></span> <span class='ocrx_word' id='word_1_232' title='bbox 1139 1390 1379 1415; x_wconf 81' lang='lat' dir='ltr'><strong>consessuum.</strong></span> <span class='ocrx_word' id='word_1_233' title='bbox 1438 1377 1482 1415; x_wconf 89' lang='lat' dir='ltr'><strong>In</strong></span> <span class='ocrx_word' id='word_1_234' title='bbox 1498 1379 1681 1414; x_wconf 89' lang='lat' dir='ltr'><strong>vocabulis</strong></span> <span class='ocrx_word' id='word_1_235' title='bbox 1695 1380 1850 1427; x_wconf 88' lang='lat' dir='ltr'><strong>propriis</strong></span> <span class='ocrx_word' id='word_1_236' title='bbox 1864 1380 1938 1415; x_wconf 89' lang='lat' dir='ltr'><strong>sive</strong></span> <span class='ocrx_word' id='word_1_237' title='bbox 1952 1377 2122 1415; x_wconf 89' lang='lat' dir='ltr'><strong>technicis</strong></span> <span class='ocrx_word' id='word_1_238' title='bbox 2137 1379 2311 1414; x_wconf 88' lang='lat' dir='ltr'><strong>definien-</strong></span> 
     </span>
    </p>

    <p class='ocr_par' dir='ltr' id='par_1_8' title="bbox 73 1439 2311 1560">
     <span class='ocr_line' id='line_1_21' title="bbox 73 1439 2311 1495; baseline 0.001 -17"><span class='ocrx_word' id='word_1_239' title='bbox 73 1439 76 1441; x_wconf 60' lang='grc'><strong>’</strong></span> <span class='ocrx_word' id='word_1_240' title='bbox 110 1442 171 1478; x_wconf 71' lang='lat' dir='ltr'><strong>dis</strong></span> <span class='ocrx_word' id='word_1_241' title='bbox 189 1449 275 1479; x_wconf 76' lang='lat' dir='ltr'><strong>usus</strong></span> <span class='ocrx_word' id='word_1_242' title='bbox 297 1455 377 1478; x_wconf 85' lang='lat' dir='ltr'><strong>sum</strong></span> <span class='ocrx_word' id='word_1_243' title='bbox 390 1443 485 1480; x_wconf 84' lang='lat' dir='ltr'><strong>libro</strong></span> <span class='ocrx_word' id='word_1_244' title='bbox 507 1443 634 1491; x_wconf 48' lang='lat' dir='ltr'><strong>&amp;Liada-&#39;¹‘</strong></span> <span class='ocrx_word' id='word_1_245' title='bbox 656 1442 970 1492; x_wconf 81' lang='lat' dir='ltr'><strong>„Explicationes”</strong></span> <span class='ocrx_word' id='word_1_246' title='bbox 996 1445 1165 1491; x_wconf 89' lang='lat' dir='ltr'><strong>inscripto</strong></span> <span class='ocrx_word' id='word_1_247' title='bbox 1177 1472 1187 1488; x_wconf 92' lang='lat'><strong>,</strong></span> <span class='ocrx_word' id='word_1_248' title='bbox 1219 1445 1263 1480; x_wconf 91' lang='lat' dir='ltr'><strong>de</strong></span> <span class='ocrx_word' id='word_1_249' title='bbox 1277 1445 1402 1488; x_wconf 84' lang='lat' dir='ltr'><strong>rebus,</strong></span> <span class='ocrx_word' id='word_1_250' title='bbox 1430 1458 1519 1493; x_wconf 86' lang='lat' dir='ltr'><strong>quae</strong></span> <span class='ocrx_word' id='word_1_251' title='bbox 1534 1446 1580 1480; x_wconf 88' lang='lat' dir='ltr'><strong>ad</strong></span> <span class='ocrx_word' id='word_1_252' title='bbox 1595 1453 1759 1481; x_wconf 88' lang='lat' dir='ltr'><strong>naturam</strong></span> <span class='ocrx_word' id='word_1_253' title='bbox 1775 1454 1950 1493; x_wconf 88' lang='lat' dir='ltr'><strong>spectant,</strong></span> <span class='ocrx_word' id='word_1_254' title='bbox 1976 1447 2095 1495; x_wconf 91' lang='lat' dir='ltr'><strong>qualia</strong></span> <span class='ocrx_word' id='word_1_255' title='bbox 2111 1453 2195 1481; x_wconf 87' lang='lat' dir='ltr'><strong>sunt</strong></span> <span class='ocrx_word' id='word_1_256' title='bbox 2207 1447 2311 1493; x_wconf 89' lang='lat' dir='ltr'><strong>plan-</strong></span> 
     </span>
     <span class='ocr_line' id='line_1_22' title="bbox 113 1510 2040 1560; baseline 0.002 -16"><span class='ocrx_word' id='word_1_257' title='bbox 113 1510 230 1545; x_wconf 75' lang='lat' dir='ltr'><strong>tarum</strong></span> <span class='ocrx_word' id='word_1_258' title='bbox 246 1510 393 1545; x_wconf 82' lang='lat' dir='ltr'><strong>nomina</strong></span> <span class='ocrx_word' id='word_1_259' title='bbox 409 1517 442 1546; x_wconf 87' lang='lat' dir='ltr'><strong>et</strong></span> <span class='ocrx_word' id='word_1_260' title='bbox 457 1511 685 1554; x_wconf 87' lang='lat' dir='ltr'><strong>animalium,</strong></span> <span class='ocrx_word' id='word_1_261' title='bbox 710 1511 887 1548; x_wconf 86' lang='lat' dir='ltr'><strong>Domairii</strong></span> <span class='ocrx_word' id='word_1_262' title='bbox 902 1510 1155 1559; x_wconf 84' lang='lat' dir='ltr'><strong>Kazwiniique</strong></span> <span class='ocrx_word' id='word_1_263' title='bbox 1170 1524 1276 1559; x_wconf 91' lang='lat' dir='ltr'><strong>opera</strong></span> <span class='ocrx_word' id='word_1_264' title='bbox 1294 1513 1431 1559; x_wconf 84' lang='lat' dir='ltr'><strong>inspexi</strong></span> <span class='ocrx_word' id='word_1_265' title='bbox 1449 1513 1603 1560; x_wconf 85' lang='lat' dir='ltr'><strong>itemque</strong></span> <span class='ocrx_word' id='word_1_266' title='bbox 1620 1511 1844 1548; x_wconf 68' lang='lat' dir='ltr'><strong>Forskalium</strong></span> <span class='ocrx_word' id='word_1_267' title='bbox 1865 1513 2040 1549; x_wconf 91' lang='lat' dir='ltr'><strong>consului.</strong></span> 
     </span>
    </p>

    <p class='ocr_par' dir='ltr' id='par_1_9' title="bbox 113 1566 2310 1889">
     <span class='ocr_line' id='line_1_23' title="bbox 222 1566 2310 1627; baseline -0 -14"><span class='ocrx_word' id='word_1_268' title='bbox 222 1580 223 1583; x_wconf 72' lang='grc'>’</span> <span class='ocrx_word' id='word_1_269' title='bbox 257 1566 330 1613; x_wconf 62' lang='grc' dir='ltr'><strong>ιΜΕ</strong></span> <span class='ocrx_word' id='word_1_270' title='bbox 343 1586 451 1623; x_wconf 85' lang='lat' dir='ltr'><strong>porro</strong></span> <span class='ocrx_word' id='word_1_271' title='bbox 467 1589 513 1613; x_wconf 88' lang='lat' dir='ltr'><strong>ex·</strong></span> <span class='ocrx_word' id='word_1_272' title='bbox 523 1577 602 1613; x_wconf 89' lang='lat' dir='ltr'><strong>aliis</strong></span> <span class='ocrx_word' id='word_1_273' title='bbox 619 1578 710 1613; x_wconf 89' lang='lat' dir='ltr'><strong>varii</strong></span> <span class='ocrx_word' id='word_1_274' title='bbox 728 1578 926 1623; x_wconf 90' lang='lat' dir='ltr'><strong>argumenti</strong></span> <span class='ocrx_word' id='word_1_275' title='bbox 943 1578 1109 1624; x_wconf 87' lang='lat' dir='ltr'><strong>operibus</strong></span> <span class='ocrx_word' id='word_1_276' title='bbox 1121 1585 1198 1614; x_wconf 89' lang='lat' dir='ltr'><strong>tum</strong></span> <span class='ocrx_word' id='word_1_277' title='bbox 1210 1579 1462 1626; x_wconf 86' lang='lat' dir='ltr'><strong>manuscriptis</strong></span> <span class='ocrx_word' id='word_1_278' title='bbox 1479 1585 1556 1614; x_wconf 91' lang='lat' dir='ltr'><strong>tum</strong></span> <span class='ocrx_word' id='word_1_279' title='bbox 1569 1579 1662 1626; x_wconf 88' lang='lat' dir='ltr'><strong>typis</strong></span> <span class='ocrx_word' id='word_1_280' title='bbox 1679 1580 1785 1614; x_wconf 90' lang='lat' dir='ltr'><strong>editis</strong></span> <span class='ocrx_word' id='word_1_281' title='bbox 1796 1581 1901 1627; x_wconf 78' lang='lat' dir='ltr'><strong>plura</strong></span> <span class='ocrx_word' id='word_1_282' title='bbox 1916 1581 1954 1615; x_wconf 90' lang='lat' dir='ltr'><strong>in</strong></span> <span class='ocrx_word' id='word_1_283' title='bbox 1969 1593 2074 1615; x_wconf 89' lang='lat' dir='ltr'><strong>usum</strong></span> <span class='ocrx_word' id='word_1_284' title='bbox 2089 1591 2209 1614; x_wconf 89' lang='lat' dir='ltr'><strong>meum</strong></span> <span class='ocrx_word' id='word_1_285' title='bbox 2224 1590 2310 1613; x_wconf 90' lang='lat' dir='ltr'><strong>con-</strong></span> 
     </span>
     <span class='ocr_line' id='line_1_24' title="bbox 115 1637 2310 1692; baseline 0.001 -16"><span class='ocrx_word' id='word_1_286' title='bbox 115 1637 278 1684; x_wconf 66' lang='lat' dir='ltr'><strong>vertisse,</strong></span> <span class='ocrx_word' id='word_1_287' title='bbox 304 1653 408 1677; x_wconf 82' lang='lat' dir='ltr'><strong>nemo</strong></span> <span class='ocrx_word' id='word_1_288' title='bbox 419 1655 494 1679; x_wconf 87' lang='lat' dir='ltr'><strong>non</strong></span> <span class='ocrx_word' id='word_1_289' title='bbox 510 1644 665 1687; x_wconf 87' lang='lat' dir='ltr'><strong>videbit,</strong></span> <span class='ocrx_word' id='word_1_290' title='bbox 692 1645 754 1691; x_wconf 91' lang='lat' dir='ltr'><strong>qui</strong></span> <span class='ocrx_word' id='word_1_291' title='bbox 768 1645 902 1679; x_wconf 86' lang='lat' dir='ltr'><strong>librum</strong></span> <span class='ocrx_word' id='word_1_292' title='bbox 918 1644 1099 1682; x_wconf 80' lang='lat' dir='ltr'><strong>evolverit.</strong></span> <span class='ocrx_word' id='word_1_293' title='bbox 1150 1643 1205 1681; x_wconf 81' lang='lat' dir='ltr'><strong>Ex</strong></span> <span class='ocrx_word' id='word_1_294' title='bbox 1219 1643 1317 1682; x_wconf 90' lang='lat' dir='ltr'><strong>hisce</strong></span> <span class='ocrx_word' id='word_1_295' title='bbox 1333 1646 1520 1680; x_wconf 89' lang='lat' dir='ltr'><strong>nominare</strong></span> <span class='ocrx_word' id='word_1_296' title='bbox 1535 1646 1649 1692; x_wconf 89' lang='lat' dir='ltr'><strong>placet</strong></span> <span class='ocrx_word' id='word_1_297' title='bbox 1664 1646 1868 1691; x_wconf 86' lang='lat' dir='ltr'><strong>gravissima</strong></span> <span class='ocrx_word' id='word_1_298' title='bbox 1893 1647 1955 1682; x_wconf 88' lang='lat' dir='ltr'><strong>illa</strong></span> <span class='ocrx_word' id='word_1_299' title='bbox 1968 1643 2310 1682; x_wconf 83' lang='lat' dir='ltr'><strong>Ebu-Arabschahi</strong></span> 
     </span>
     <span class='ocr_line' id='line_1_25' title="bbox 117 1698 2310 1761; baseline 0.002 -19"><span class='ocrx_word' id='word_1_300' title='bbox 117 1712 153 1742; x_wconf 78' lang='lat' dir='ltr'><strong>et</strong></span> <span class='ocrx_word' id='word_1_301' title='bbox 165 1701 220 1749; x_wconf 61' lang='grc' dir='ltr'><strong>’δε</strong></span> <span class='ocrx_word' id='word_1_302' title='bbox 238 1706 344 1755; x_wconf 82' lang='lat' dir='ltr'><strong>Sacyi</strong></span> <span class='ocrx_word' id='word_1_303' title='bbox 359 1719 466 1755; x_wconf 79' lang='lat' dir='ltr'><strong>opera</strong></span> <span class='ocrx_word' id='word_1_304' title='bbox 484 1710 621 1753; x_wconf 87' lang='lat' dir='ltr'><strong>omnia,</strong></span> <span class='ocrx_word' id='word_1_305' title='bbox 646 1710 780 1746; x_wconf 83' lang='lat' dir='ltr'><strong>librum</strong></span> <span class='ocrx_word' id='word_1_306' title='bbox 797 1698 1132 1747; x_wconf 82' lang='lat' dir='ltr'><strong>Tochfat-Ichvvan</strong></span> <span class='ocrx_word' id='word_1_307' title='bbox 1148 1709 1291 1755; x_wconf 82' lang='lat' dir='ltr'><strong>Alzafa,</strong></span> <span class='ocrx_word' id='word_1_308' title='bbox 1313 1709 1583 1755; x_wconf 84' lang='lat' dir='ltr'><strong>historicorum,</strong></span> <span class='ocrx_word' id='word_1_309' title='bbox 1612 1713 1834 1749; x_wconf 89' lang='lat' dir='ltr'><strong>medicorum</strong></span> <span class='ocrx_word' id='word_1_310' title='bbox 1848 1726 1955 1760; x_wconf 89' lang='lat' dir='ltr'><strong>opera</strong></span> <span class='ocrx_word' id='word_1_311' title='bbox 1972 1713 2146 1761; x_wconf 88' lang='lat' dir='ltr'><strong>quaedam</strong></span> <span class='ocrx_word' id='word_1_312' title='bbox 2159 1712 2310 1759; x_wconf 86' lang='lat' dir='ltr'><strong>aliaque,</strong></span> 
     </span>
     <span class='ocr_line' id='line_1_26' title="bbox 114 1774 2307 1826; baseline 0.002 -18"><span class='ocrx_word' id='word_1_313' title='bbox 114 1780 269 1820; x_wconf 77' lang='lat' dir='ltr'><strong>quorum</strong></span> <span class='ocrx_word' id='word_1_314' title='bbox 291 1774 322 1808; x_wconf 90' lang='lat' dir='ltr'><strong>si</strong></span> <span class='ocrx_word' id='word_1_315' title='bbox 344 1774 491 1810; x_wconf 86' lang='lat' dir='ltr'><strong>nomina</strong></span> <span class='ocrx_word' id='word_1_316' title='bbox 514 1776 593 1812; x_wconf 90' lang='lat' dir='ltr'><strong>loco</strong></span> <span class='ocrx_word' id='word_1_317' title='bbox 616 1788 679 1812; x_wconf 91' lang='lat' dir='ltr'><strong>suo</strong></span> <span class='ocrx_word' id='word_1_318' title='bbox 703 1789 778 1813; x_wconf 91' lang='lat' dir='ltr'><strong>non</strong></span> <span class='ocrx_word' id='word_1_319' title='bbox 801 1789 938 1824; x_wconf 88' lang='lat' dir='ltr'><strong>semper</strong></span> <span class='ocrx_word' id='word_1_320' title='bbox 961 1777 1223 1822; x_wconf 85' lang='lat' dir='ltr'><strong>adnotaverim‚</strong></span> <span class='ocrx_word' id='word_1_321' title='bbox 1253 1779 1310 1822; x_wconf 86' lang='lat' dir='ltr'><strong>id,</strong></span> <span class='ocrx_word' id='word_1_322' title='bbox 1341 1791 1387 1814; x_wconf 89' lang='lat' dir='ltr'><strong>ne</strong></span> <span class='ocrx_word' id='word_1_323' title='bbox 1400 1779 1506 1814; x_wconf 90' lang='lat' dir='ltr'><strong>rebus</strong></span> <span class='ocrx_word' id='word_1_324' title='bbox 1520 1779 1746 1823; x_wconf 87' lang='lat' dir='ltr'><strong>utilioribus,</strong></span> <span class='ocrx_word' id='word_1_325' title='bbox 1779 1781 1931 1826; x_wconf 89' lang='lat' dir='ltr'><strong>speciem</strong></span> <span class='ocrx_word' id='word_1_326' title='bbox 1946 1780 2127 1819; x_wconf 80' lang='lat' dir='ltr'><strong>doctrinae</strong></span> <span class='ocrx_word' id='word_1_327' title='bbox 2144 1779 2307 1814; x_wconf 89' lang='lat' dir='ltr'><strong>inutilem</strong></span> 
     </span>
     <span class='ocr_line' id='line_1_27' title="bbox 113 1839 1127 1889; baseline 0.005 -16"><span class='ocrx_word' id='word_1_328' title='bbox 113 1848 188 1880; x_wconf 74' lang='lat' dir='ltr'><strong>non</strong></span> <span class='ocrx_word' id='word_1_329' title='bbox 204 1848 345 1882; x_wconf 65' lang='lat' dir='ltr'><strong>amans,</strong></span> <span class='ocrx_word' id='word_1_330' title='bbox 369 1839 489 1875; x_wconf 86' lang='lat' dir='ltr'><strong>locum</strong></span> <span class='ocrx_word' id='word_1_331' title='bbox 504 1842 693 1889; x_wconf 87' lang='lat' dir='ltr'><strong>eriperem,</strong></span> <span class='ocrx_word' id='word_1_332' title='bbox 712 1844 845 1879; x_wconf 87' lang='lat' dir='ltr'><strong>factum</strong></span> <span class='ocrx_word' id='word_1_333' title='bbox 860 1855 932 1878; x_wconf 89' lang='lat' dir='ltr'><strong>esse</strong></span> <span class='ocrx_word' id='word_1_334' title='bbox 949 1844 1127 1882; x_wconf 88' lang='lat' dir='ltr'><strong>censeatis.</strong></span> 
     </span>
    </p>

    <p class='ocr_par' dir='ltr' id='par_1_10' title="bbox 109 1899 2307 2225">
     <span class='ocr_line' id='line_1_28' title="bbox 264 1899 2307 1960; baseline 0.001 -17"><span class='ocrx_word' id='word_1_335' title='bbox 264 1899 494 1943; x_wconf 73' lang='lat' dir='ltr'><strong>Enumeratis</strong></span> <span class='ocrx_word' id='word_1_336' title='bbox 518 1908 603 1943; x_wconf 88' lang='lat' dir='ltr'><strong>libri</strong></span> <span class='ocrx_word' id='word_1_337' title='bbox 624 1909 696 1943; x_wconf 87' lang='lat' dir='ltr'><strong>mei</strong></span> <span class='ocrx_word' id='word_1_338' title='bbox 718 1909 894 1952; x_wconf 84' lang='lat' dir='ltr'><strong>fontibus,</strong></span> <span class='ocrx_word' id='word_1_339' title='bbox 925 1916 1048 1953; x_wconf 85' lang='lat' dir='ltr'><strong>restat,</strong></span> <span class='ocrx_word' id='word_1_340' title='bbox 1081 1917 1123 1946; x_wconf 88' lang='lat' dir='ltr'><strong>ut</strong></span> <span class='ocrx_word' id='word_1_341' title='bbox 1143 1911 1306 1955; x_wconf 87' lang='lat' dir='ltr'><strong>doceam,</strong></span> <span class='ocrx_word' id='word_1_342' title='bbox 1337 1924 1427 1960; x_wconf 83' lang='lat' dir='ltr'><strong>quae</strong></span> <span class='ocrx_word' id='word_1_343' title='bbox 1444 1913 1552 1948; x_wconf 84' lang='lat' dir='ltr'><strong>fuerit</strong></span> <span class='ocrx_word' id='word_1_344' title='bbox 1570 1914 1697 1948; x_wconf 83' lang='lat' dir='ltr'><strong>utendi</strong></span> <span class='ocrx_word' id='word_1_345' title='bbox 1710 1914 1812 1951; x_wconf 80' lang='lat' dir='ltr'><strong>ratio.</strong></span> <span class='ocrx_word' id='word_1_346' title='bbox 1863 1913 1998 1958; x_wconf 85' lang='lat' dir='ltr'><strong>Magna</strong></span> <span class='ocrx_word' id='word_1_347' title='bbox 2014 1919 2066 1947; x_wconf 89' lang='lat' dir='ltr'><strong>est</strong></span> <span class='ocrx_word' id='word_1_348' title='bbox 2078 1912 2118 1947; x_wconf 92' lang='lat' dir='ltr'><strong>in</strong></span> <span class='ocrx_word' id='word_1_349' title='bbox 2133 1912 2307 1957; x_wconf 85' lang='lat' dir='ltr'><strong>significa-</strong></span> 
     </span>
     <span class='ocr_line' id='line_1_29' title="bbox 112 1970 2307 2027; baseline 0.003 -20"><span class='ocrx_word' id='word_1_350' title='bbox 112 1970 272 2008; x_wconf 77' lang='lat' dir='ltr'><strong>tionibus</strong></span> <span class='ocrx_word' id='word_1_351' title='bbox 292 1972 506 2013; x_wconf 76' lang='lat' dir='ltr'><strong>definiendis</strong></span> <span class='ocrx_word' id='word_1_352' title='bbox 529 1974 712 2019; x_wconf 84' lang='lat' dir='ltr'><strong>diligentia</strong></span> <span class='ocrx_word' id='word_1_353' title='bbox 735 1973 958 2020; x_wconf 89' lang='lat' dir='ltr'><strong>adhibenda,</strong></span> <span class='ocrx_word' id='word_1_354' title='bbox 991 1977 1189 2012; x_wconf 88' lang='lat' dir='ltr'><strong>cavendum</strong></span> <span class='ocrx_word' id='word_1_355' title='bbox 1214 1990 1260 2015; x_wconf 87' lang='lat' dir='ltr'><strong>ne</strong></span> <span class='ocrx_word' id='word_1_356' title='bbox 1284 1980 1399 2026; x_wconf 88' lang='lat' dir='ltr'><strong>specie</strong></span> <span class='ocrx_word' id='word_1_357' title='bbox 1421 1980 1575 2027; x_wconf 90' lang='lat' dir='ltr'><strong>quadam</strong></span> <span class='ocrx_word' id='word_1_358' title='bbox 1594 1980 1671 2015; x_wconf 88' lang='lat' dir='ltr'><strong>veri</strong></span> <span class='ocrx_word' id='word_1_359' title='bbox 1694 1980 1732 2015; x_wconf 90' lang='lat' dir='ltr'><strong>in</strong></span> <span class='ocrx_word' id='word_1_360' title='bbox 1757 1992 1914 2016; x_wconf 89' lang='lat' dir='ltr'><strong>errorem</strong></span> <span class='ocrx_word' id='word_1_361' title='bbox 1929 1981 2152 2016; x_wconf 88' lang='lat' dir='ltr'><strong>inducamur.</strong></span> <span class='ocrx_word' id='word_1_362' title='bbox 2205 1978 2307 2023; x_wconf 87' lang='lat' dir='ltr'><strong>Quae</strong></span> 
     </span>
     <span class='ocr_line' id='line_1_30' title="bbox 112 2036 2305 2093; baseline 0.003 -20"><span class='ocrx_word' id='word_1_363' title='bbox 112 2036 295 2084; x_wconf 70' lang='lat' dir='ltr'><strong>diligentia</strong></span> <span class='ocrx_word' id='word_1_364' title='bbox 320 2043 429 2088; x_wconf 82' lang='lat' dir='ltr'><strong>quum</strong></span> <span class='ocrx_word' id='word_1_365' title='bbox 451 2040 496 2076; x_wconf 83' lang='lat' dir='ltr'><strong>sit</strong></span> <span class='ocrx_word' id='word_1_366' title='bbox 519 2040 558 2075; x_wconf 91' lang='lat' dir='ltr'><strong>in</strong></span> <span class='ocrx_word' id='word_1_367' title='bbox 581 2041 680 2076; x_wconf 90' lang='lat' dir='ltr'><strong>omni</strong></span> <span class='ocrx_word' id='word_1_368' title='bbox 702 2042 869 2088; x_wconf 86' lang='lat' dir='ltr'><strong>scriptore</strong></span> <span class='ocrx_word' id='word_1_369' title='bbox 893 2043 1159 2090; x_wconf 85' lang='lat' dir='ltr'><strong>interpretando</strong></span> <span class='ocrx_word' id='word_1_370' title='bbox 1183 2046 1395 2088; x_wconf 81' lang='lat' dir='ltr'><strong>necessaria,</strong></span> <span class='ocrx_word' id='word_1_371' title='bbox 1419 2046 1535 2082; x_wconf 90' lang='lat' dir='ltr'><strong>maior</strong></span> <span class='ocrx_word' id='word_1_372' title='bbox 1555 2053 1674 2083; x_wconf 87' lang='lat' dir='ltr'><strong>tamen</strong></span> <span class='ocrx_word' id='word_1_373' title='bbox 1692 2059 1763 2081; x_wconf 88' lang='lat' dir='ltr'><strong>esse</strong></span> <span class='ocrx_word' id='word_1_374' title='bbox 1780 2047 1935 2082; x_wconf 90' lang='lat' dir='ltr'><strong>debetin</strong></span> <span class='ocrx_word' id='word_1_375' title='bbox 1949 2047 2119 2093; x_wconf 88' lang='lat' dir='ltr'><strong>scriptore</strong></span> <span class='ocrx_word' id='word_1_376' title='bbox 2133 2043 2305 2087; x_wconf 82' lang='lat' dir='ltr'><strong>Arabic03</strong></span> 
     </span>
     <span class='ocr_line' id='line_1_31' title="bbox 110 2103 2307 2161; baseline 0.002 -20"><span class='ocrx_word' id='word_1_377' title='bbox 110 2108 154 2141; x_wconf 74' lang='lat' dir='ltr'><strong>nt</strong></span> <span class='ocrx_word' id='word_1_378' title='bbox 173 2103 271 2140; x_wconf 76' lang='lat' dir='ltr'><strong>enim</strong></span> <span class='ocrx_word' id='word_1_379' title='bbox 292 2105 442 2153; x_wconf 85' lang='lat' dir='ltr'><strong>quisque</strong></span> <span class='ocrx_word' id='word_1_380' title='bbox 473 2114 524 2142; x_wconf 87' lang='lat' dir='ltr'><strong>est</strong></span> <span class='ocrx_word' id='word_1_381' title='bbox 538 2107 768 2143; x_wconf 84' lang='lat' dir='ltr'><strong>difficillimus</strong></span> <span class='ocrx_word' id='word_1_382' title='bbox 783 2109 981 2153; x_wconf 87' lang='lat' dir='ltr'><strong>intellectu,</strong></span> <span class='ocrx_word' id='word_1_383' title='bbox 1011 2111 1059 2145; x_wconf 84' lang='lat' dir='ltr'><strong>ita</strong></span> <span class='ocrx_word' id='word_1_384' title='bbox 1080 2111 1232 2146; x_wconf 86' lang='lat' dir='ltr'><strong>maxime</strong></span> <span class='ocrx_word' id='word_1_385' title='bbox 1253 2124 1359 2158; x_wconf 90' lang='lat' dir='ltr'><strong>opera</strong></span> <span class='ocrx_word' id='word_1_386' title='bbox 1374 2113 1510 2156; x_wconf 88' lang='lat' dir='ltr'><strong>danda,</strong></span> <span class='ocrx_word' id='word_1_387' title='bbox 1532 2120 1575 2148; x_wconf 89' lang='lat' dir='ltr'><strong>ut</strong></span> <span class='ocrx_word' id='word_1_388' title='bbox 1591 2114 1637 2148; x_wconf 90' lang='lat' dir='ltr'><strong>ad</strong></span> <span class='ocrx_word' id='word_1_389' title='bbox 1652 2126 1794 2149; x_wconf 90' lang='lat' dir='ltr'><strong>sensum</strong></span> <span class='ocrx_word' id='word_1_390' title='bbox 1809 2114 1988 2161; x_wconf 87' lang='lat' dir='ltr'><strong>scriptoris</strong></span> <span class='ocrx_word' id='word_1_391' title='bbox 2001 2120 2244 2160; x_wconf 88' lang='lat' dir='ltr'><strong>penetremus,</strong></span> <span class='ocrx_word' id='word_1_392' title='bbox 2269 2112 2307 2147; x_wconf 87' lang='lat' dir='ltr'><strong>id</strong></span> 
     </span>
     <span class='ocr_line' id='line_1_32' title="bbox 109 2169 2307 2225; baseline 0.003 -18"><span class='ocrx_word' id='word_1_393' title='bbox 109 2169 211 2220; x_wconf 71' lang='lat' dir='ltr'><strong>quod</strong></span> <span class='ocrx_word' id='word_1_394' title='bbox 228 2171 375 2206; x_wconf 84' lang='lat' dir='ltr'><strong>nonnisi</strong></span> <span class='ocrx_word' id='word_1_395' title='bbox 398 2172 581 2218; x_wconf 83' lang='lat' dir='ltr'><strong>diligentia</strong></span> <span class='ocrx_word' id='word_1_396' title='bbox 603 2173 642 2209; x_wconf 83' lang='lat' dir='ltr'><strong>fit</strong></span> <span class='ocrx_word' id='word_1_397' title='bbox 666 2181 700 2208; x_wconf 87' lang='lat' dir='ltr'><strong>et</strong></span> <span class='ocrx_word' id='word_1_398' title='bbox 722 2176 895 2212; x_wconf 88' lang='lat' dir='ltr'><strong>cautione.</strong></span> <span class='ocrx_word' id='word_1_399' title='bbox 947 2175 1055 2220; x_wconf 84' lang='lat' dir='ltr'><strong>Quod</strong></span> <span class='ocrx_word' id='word_1_400' title='bbox 1075 2190 1187 2225; x_wconf 86' lang='lat' dir='ltr'><strong>quum</strong></span> <span class='ocrx_word' id='word_1_401' title='bbox 1203 2179 1248 2212; x_wconf 88' lang='lat' dir='ltr'><strong>ad</strong></span> <span class='ocrx_word' id='word_1_402' title='bbox 1263 2179 1395 2214; x_wconf 90' lang='lat' dir='ltr'><strong>librum</strong></span> <span class='ocrx_word' id='word_1_403' title='bbox 1410 2187 1574 2215; x_wconf 90' lang='lat' dir='ltr'><strong>nostrum</strong></span> <span class='ocrx_word' id='word_1_404' title='bbox 1589 2187 1666 2215; x_wconf 90' lang='lat' dir='ltr'><strong>tum</strong></span> <span class='ocrx_word' id='word_1_405' title='bbox 1683 2187 1775 2215; x_wconf 88' lang='lat' dir='ltr'><strong>recte</strong></span> <span class='ocrx_word' id='word_1_406' title='bbox 1793 2181 2024 2216; x_wconf 88' lang='lat' dir='ltr'><strong>iudicandum</strong></span> <span class='ocrx_word' id='word_1_407' title='bbox 2042 2187 2118 2215; x_wconf 88' lang='lat' dir='ltr'><strong>tum</strong></span> <span class='ocrx_word' id='word_1_408' title='bbox 2133 2177 2307 2214; x_wconf 88' lang='lat' dir='ltr'><strong>adhiben-</strong></span> 
     </span>
    </p>

    <p class='ocr_par' dir='ltr' id='par_1_11' title="bbox 0 2227 2307 2893">
     <span class='ocr_line' id='line_1_33' title="bbox 82 2227 2306 2297; baseline 0.004 -26"><span class='ocrx_word' id='word_1_409' title='bbox 82 2292 87 2297; x_wconf 35' lang='grc' dir='ltr'><strong><em>Ι</em></strong></span> <span class='ocrx_word' id='word_1_410' title='bbox 113 2236 202 2276; x_wconf 80' lang='lat' dir='ltr'><strong>dum</strong></span> <span class='ocrx_word' id='word_1_411' title='bbox 234 2237 389 2273; x_wconf 89' lang='lat' dir='ltr'><strong>multum</strong></span> <span class='ocrx_word' id='word_1_412' title='bbox 421 2227 550 2275; x_wconf 68' lang='lat' dir='ltr'><strong>referat</strong></span> <span class='ocrx_word' id='word_1_413' title='bbox 575 2246 610 2274; x_wconf 86' lang='lat' dir='ltr'><strong>et</strong></span> <span class='ocrx_word' id='word_1_414' title='bbox 639 2252 750 2289; x_wconf 84' lang='lat' dir='ltr'><strong>aeque</strong></span> <span class='ocrx_word' id='word_1_415' title='bbox 771 2242 858 2277; x_wconf 89' lang='lat' dir='ltr'><strong>utile</strong></span> <span class='ocrx_word' id='word_1_416' title='bbox 883 2242 928 2278; x_wconf 89' lang='lat' dir='ltr'><strong>sit</strong></span> <span class='ocrx_word' id='word_1_417' title='bbox 954 2243 1040 2279; x_wconf 90' lang='lat' dir='ltr'><strong>viris</strong></span> <span class='ocrx_word' id='word_1_418' title='bbox 1066 2244 1177 2279; x_wconf 88' lang='lat' dir='ltr'><strong>doctis</strong></span> <span class='ocrx_word' id='word_1_419' title='bbox 1199 2246 1353 2281; x_wconf 88' lang='lat' dir='ltr'><strong>eundem</strong></span> <span class='ocrx_word' id='word_1_420' title='bbox 1380 2253 1441 2282; x_wconf 87' lang='lat' dir='ltr'><strong>aut</strong></span> <span class='ocrx_word' id='word_1_421' title='bbox 1462 2247 1725 2292; x_wconf 81' lang='lat' dir='ltr'><strong>amplificaturis</strong></span> <span class='ocrx_word' id='word_1_422' title='bbox 1743 2254 1804 2283; x_wconf 89' lang='lat' dir='ltr'><strong>aut</strong></span> <span class='ocrx_word' id='word_1_423' title='bbox 1827 2247 2053 2289; x_wconf 86' lang='lat' dir='ltr'><strong>correcturis,</strong></span> <span class='ocrx_word' id='word_1_424' title='bbox 2101 2246 2306 2291; x_wconf 86' lang='lat' dir='ltr'><strong>diligentius</strong></span> 
     </span>
     <span class='ocr_line' id='line_1_34' title="bbox 12 2313 358 2350; baseline -0.009 0"><span class='ocrx_word' id='word_1_425' title='bbox 12 2314 18 2319; x_wconf 65' lang='lat'><em>⁷</em></span> <span class='ocrx_word' id='word_1_426' title='bbox 113 2313 299 2350; x_wconf 56' lang='lat' dir='ltr'><strong>almum</strong></span> <span class='ocrx_word' id='word_1_427' title='bbox 355 2342 358 2347; x_wconf 94' lang='lat'>.</span> 
     </span>
     <span class='ocr_line' id='line_1_35' title="bbox 0 2331 2306 2427; baseline 0.004 -22"><span class='ocrx_word' id='word_1_428' title='bbox 0 2331 24 2388; x_wconf 48' lang='grc' dir='ltr'>ἓ</span> <span class='ocrx_word' id='word_1_429' title='bbox 264 2367 309 2406; x_wconf 88' lang='lat' dir='ltr'><strong>In</strong></span> <span class='ocrx_word' id='word_1_430' title='bbox 332 2369 453 2406; x_wconf 82' lang='lat' dir='ltr'><strong>lexicis</strong></span> <span class='ocrx_word' id='word_1_431' title='bbox 476 2379 510 2408; x_wconf 92' lang='lat' dir='ltr'><strong>et</strong></span> <span class='ocrx_word' id='word_1_432' title='bbox 532 2371 675 2410; x_wconf 88' lang='lat' dir='ltr'><strong>scholiis</strong></span> <span class='ocrx_word' id='word_1_433' title='bbox 696 2387 807 2411; x_wconf 90' lang='lat' dir='ltr'><strong>unam</strong></span> <span class='ocrx_word' id='word_1_434' title='bbox 829 2389 953 2412; x_wconf 85' lang='lat' dir='ltr'><strong>vocem</strong></span> <span class='ocrx_word' id='word_1_435' title='bbox 970 2378 1080 2422; x_wconf 88' lang='lat' dir='ltr'><strong>magis</strong></span> <span class='ocrx_word' id='word_1_436' title='bbox 1096 2378 1225 2414; x_wconf 89' lang='lat' dir='ltr'><strong>usitata</strong></span> <span class='ocrx_word' id='word_1_437' title='bbox 1242 2379 1352 2414; x_wconf 88' lang='lat' dir='ltr'><strong>altera</strong></span> <span class='ocrx_word' id='word_1_438' title='bbox 1368 2381 1535 2427; x_wconf 89' lang='lat' dir='ltr'><strong>explicari</strong></span> <span class='ocrx_word' id='word_1_439' title='bbox 1550 2393 1628 2417; x_wconf 88' lang='lat' dir='ltr'><strong>mos</strong></span> <span class='ocrx_word' id='word_1_440' title='bbox 1644 2389 1706 2419; x_wconf 80' lang='lat' dir='ltr'><strong>est.</strong></span> <span class='ocrx_word' id='word_1_441' title='bbox 1758 2380 1859 2425; x_wconf 88' lang='lat' dir='ltr'><strong>Quae</strong></span> <span class='ocrx_word' id='word_1_442' title='bbox 1872 2392 1927 2416; x_wconf 89' lang='lat' dir='ltr'><strong>res</strong></span> <span class='ocrx_word' id='word_1_443' title='bbox 1947 2382 1993 2415; x_wconf 92' lang='lat' dir='ltr'><strong>ob</strong></span> <span class='ocrx_word' id='word_1_444' title='bbox 2009 2380 2306 2425; x_wconf 84' lang='lat' dir='ltr'><strong>significationum</strong></span> 
     </span>
     <span class='ocr_line' id='line_1_36' title="bbox 110 2432 2306 2494; baseline 0.004 -21"><span class='ocrx_word' id='word_1_445' title='bbox 110 2432 239 2487; x_wconf 66' lang='lat' dir='ltr'><strong>¹113·qu</strong></span> <span class='ocrx_word' id='word_1_446' title='bbox 256 2437 394 2483; x_wconf 77' lang='lat' dir='ltr'><strong>copiam</strong></span> <span class='ocrx_word' id='word_1_447' title='bbox 407 2465 417 2480; x_wconf 91' lang='lat'>‚</span> <span class='ocrx_word' id='word_1_448' title='bbox 440 2451 604 2484; x_wconf 83' lang='lat' dir='ltr'><strong>magnam</strong></span> <span class='ocrx_word' id='word_1_449' title='bbox 625 2441 706 2486; x_wconf 52' lang='lat' dir='ltr'><strong>non„¹</strong></span> <span class='ocrx_word' id='word_1_450' title='bbox 713 2454 793 2477; x_wconf 90' lang='lat' dir='ltr'><strong>raro</strong></span> <span class='ocrx_word' id='word_1_451' title='bbox 811 2441 954 2479; x_wconf 85' lang='lat' dir='ltr'><strong>exhibet</strong></span> <span class='ocrx_word' id='word_1_452' title='bbox 972 2445 1189 2489; x_wconf 87' lang='lat' dir='ltr'><strong>molestiam,</strong></span> <span class='ocrx_word' id='word_1_453' title='bbox 1216 2459 1326 2494; x_wconf 91' lang='lat' dir='ltr'><strong>quum</strong></span> <span class='ocrx_word' id='word_1_454' title='bbox 1344 2459 1384 2481; x_wconf 84' lang='lat' dir='ltr'><strong>ex</strong></span> <span class='ocrx_word' id='word_1_455' title='bbox 1399 2448 1522 2482; x_wconf 89' lang='lat' dir='ltr'><strong>multis</strong></span> <span class='ocrx_word' id='word_1_456' title='bbox 1537 2460 1634 2491; x_wconf 89' lang='lat' dir='ltr'><strong>eam,</strong></span> <span class='ocrx_word' id='word_1_457' title='bbox 1664 2460 1753 2494; x_wconf 85' lang='lat' dir='ltr'><strong>quae</strong></span> <span class='ocrx_word' id='word_1_458' title='bbox 1767 2447 1954 2482; x_wconf 88' lang='lat' dir='ltr'><strong>conveniat</strong></span> <span class='ocrx_word' id='word_1_459' title='bbox 1968 2447 2065 2489; x_wconf 89' lang='lat' dir='ltr'><strong>voci,</strong></span> <span class='ocrx_word' id='word_1_460' title='bbox 2091 2447 2220 2491; x_wconf 87' lang='lat' dir='ltr'><strong>eligere</strong></span> <span class='ocrx_word' id='word_1_461' title='bbox 2235 2447 2306 2481; x_wconf 83' lang='lat' dir='ltr'><strong>dis-</strong></span> 
     </span>
     <span class='ocr_line' id='line_1_37' title="bbox 112 2496 2306 2561; baseline 0.005 -26"><span class='ocrx_word' id='word_1_462' title='bbox 112 2496 205 2537; x_wconf 69' lang='lat' dir='ltr'><strong>fidile</strong></span> <span class='ocrx_word' id='word_1_463' title='bbox 227 2500 283 2540; x_wconf 84' lang='lat' dir='ltr'><strong>sit.</strong></span> <span class='ocrx_word' id='word_1_464' title='bbox 343 2501 388 2540; x_wconf 86' lang='lat' dir='ltr'><strong>In</strong></span> <span class='ocrx_word' id='word_1_465' title='bbox 415 2501 560 2540; x_wconf 86' lang='lat' dir='ltr'><strong>scholiis</strong></span> <span class='ocrx_word' id='word_1_466' title='bbox 581 2519 752 2552; x_wconf 83' lang='lat' dir='ltr'><strong>magnum</strong></span> <span class='ocrx_word' id='word_1_467' title='bbox 783 2509 914 2554; x_wconf 79' lang='lat' dir='ltr'><strong>legenti</strong></span> <span class='ocrx_word' id='word_1_468' title='bbox 932 2511 1086 2546; x_wconf 81' lang='lat' dir='ltr'><strong>asserunt</strong></span> <span class='ocrx_word' id='word_1_469' title='bbox 1110 2512 1290 2559; x_wconf 87' lang='lat' dir='ltr'><strong>scriptoris</strong></span> <span class='ocrx_word' id='word_1_470' title='bbox 1306 2514 1416 2549; x_wconf 88' lang='lat' dir='ltr'><strong>verba</strong></span> <span class='ocrx_word' id='word_1_471' title='bbox 1439 2515 1702 2556; x_wconf 87' lang='lat' dir='ltr'><strong>adiumentum,</strong></span> <span class='ocrx_word' id='word_1_472' title='bbox 1734 2515 1831 2561; x_wconf 88' lang='lat' dir='ltr'><strong>quod</strong></span> <span class='ocrx_word' id='word_1_473' title='bbox 1854 2526 1928 2548; x_wconf 89' lang='lat' dir='ltr'><strong>non</strong></span> <span class='ocrx_word' id='word_1_474' title='bbox 1952 2514 2037 2548; x_wconf 91' lang='lat' dir='ltr'><strong>item</strong></span> <span class='ocrx_word' id='word_1_475' title='bbox 2059 2514 2098 2548; x_wconf 89' lang='lat' dir='ltr'><strong>fit</strong></span> <span class='ocrx_word' id='word_1_476' title='bbox 2120 2513 2159 2547; x_wconf 89' lang='lat' dir='ltr'><strong>in</strong></span> <span class='ocrx_word' id='word_1_477' title='bbox 2174 2514 2306 2555; x_wconf 82' lang='lat' dir='ltr'><strong>lexicis,</strong></span> 
     </span>
     <span class='ocr_line' id='line_1_38' title="bbox 113 2566 2307 2628; baseline 0.006 -28"><span class='ocrx_word' id='word_1_478' title='bbox 113 2571 198 2602; x_wconf 78' lang='lat' dir='ltr'><strong>sunt</strong></span> <span class='ocrx_word' id='word_1_479' title='bbox 214 2566 311 2603; x_wconf 79' lang='lat' dir='ltr'><strong>enim</strong></span> <span class='ocrx_word' id='word_1_480' title='bbox 325 2569 422 2605; x_wconf 83' lang='lat' dir='ltr'><strong>nuda</strong></span> <span class='ocrx_word' id='word_1_481' title='bbox 437 2570 675 2620; x_wconf 83' lang='lat' dir='ltr'><strong>lexicographi</strong></span> <span class='ocrx_word' id='word_1_482' title='bbox 688 2575 796 2610; x_wconf 88' lang='lat' dir='ltr'><strong>verba</strong></span> <span class='ocrx_word' id='word_1_483' title='bbox 807 2602 817 2618; x_wconf 88' lang='lat'><strong>,</strong></span> <span class='ocrx_word' id='word_1_484' title='bbox 842 2575 958 2611; x_wconf 82' lang='lat' dir='ltr'><strong>rarius</strong></span> <span class='ocrx_word' id='word_1_485' title='bbox 973 2578 1118 2614; x_wconf 88' lang='lat' dir='ltr'><strong>additur</strong></span> <span class='ocrx_word' id='word_1_486' title='bbox 1132 2579 1313 2625; x_wconf 86' lang='lat' dir='ltr'><strong>scriptoris</strong></span> <span class='ocrx_word' id='word_1_487' title='bbox 1326 2580 1443 2622; x_wconf 90' lang='lat' dir='ltr'><strong>locus,</strong></span> <span class='ocrx_word' id='word_1_488' title='bbox 1468 2593 1509 2614; x_wconf 88' lang='lat' dir='ltr'><strong>ex</strong></span> <span class='ocrx_word' id='word_1_489' title='bbox 1525 2594 1596 2628; x_wconf 88' lang='lat' dir='ltr'><strong>quo</strong></span> <span class='ocrx_word' id='word_1_490' title='bbox 1611 2581 1816 2626; x_wconf 84' lang='lat' dir='ltr'><strong>significatio</strong></span> <span class='ocrx_word' id='word_1_491' title='bbox 1831 2578 1967 2616; x_wconf 85' lang='lat' dir='ltr'><strong>hausta.</strong></span> <span class='ocrx_word' id='word_1_492' title='bbox 2028 2579 2070 2614; x_wconf 91' lang='lat' dir='ltr'><strong>Id</strong></span> <span class='ocrx_word' id='word_1_493' title='bbox 2093 2581 2189 2627; x_wconf 90' lang='lat' dir='ltr'><strong>quod</strong></span> <span class='ocrx_word' id='word_1_494' title='bbox 2210 2593 2230 2616; x_wconf 87' lang='lat' dir='ltr'><strong>a</strong></span> <span class='ocrx_word' id='word_1_495' title='bbox 2246 2579 2307 2614; x_wconf 87' lang='lat' dir='ltr'><strong>Fi-</strong></span> 
     </span>
     <span class='ocr_line' id='line_1_39' title="bbox 114 2631 2307 2691; baseline 0.007 -25"><span class='ocrx_word' id='word_1_496' title='bbox 114 2631 307 2683; x_wconf 69' lang='lat' dir='ltr'><strong>ruzabadio</strong></span> <span class='ocrx_word' id='word_1_497' title='bbox 323 2646 460 2682; x_wconf 81' lang='lat' dir='ltr'><strong>semper</strong></span> <span class='ocrx_word' id='word_1_498' title='bbox 473 2650 584 2683; x_wconf 88' lang='lat' dir='ltr'><strong>paene</strong></span> <span class='ocrx_word' id='word_1_499' title='bbox 605 2641 804 2685; x_wconf 85' lang='lat' dir='ltr'><strong>neglectum</strong></span> <span class='ocrx_word' id='word_1_500' title='bbox 820 2642 1067 2687; x_wconf 86' lang='lat' dir='ltr'><strong>observamus,</strong></span> <span class='ocrx_word' id='word_1_501' title='bbox 1093 2658 1113 2680; x_wconf 86' lang='lat' dir='ltr'><strong>a</strong></span> <span class='ocrx_word' id='word_1_502' title='bbox 1126 2643 1323 2690; x_wconf 86' lang='lat' dir='ltr'><strong>Djeuhario</strong></span> <span class='ocrx_word' id='word_1_503' title='bbox 1341 2647 1522 2681; x_wconf 86' lang='lat' dir='ltr'><strong>interdum</strong></span> <span class='ocrx_word' id='word_1_504' title='bbox 1538 2648 1670 2682; x_wconf 85' lang='lat' dir='ltr'><strong>factum</strong></span> <span class='ocrx_word' id='word_1_505' title='bbox 1685 2660 1757 2682; x_wconf 89' lang='lat' dir='ltr'><strong>esse</strong></span> <span class='ocrx_word' id='word_1_506' title='bbox 1772 2648 1944 2684; x_wconf 80' lang='lat' dir='ltr'><strong>videmus.</strong></span> <span class='ocrx_word' id='word_1_507' title='bbox 1996 2645 2173 2682; x_wconf 87' lang='lat' dir='ltr'><strong>Adeunda</strong></span> <span class='ocrx_word' id='word_1_508' title='bbox 2190 2648 2307 2691; x_wconf 80' lang='lat' dir='ltr'><strong>igitur,</strong></span> 
     </span>
     <span class='ocr_line' id='line_1_40' title="bbox 110 2698 2306 2760; baseline 0.005 -25"><span class='ocrx_word' id='word_1_509' title='bbox 110 2704 153 2733; x_wconf 76' lang='lat' dir='ltr'><strong>nt</strong></span> <span class='ocrx_word' id='word_1_510' title='bbox 166 2698 264 2735; x_wconf 67' lang='lat' dir='ltr'><strong>vocis</strong></span> <span class='ocrx_word' id='word_1_511' title='bbox 289 2700 532 2746; x_wconf 85' lang='lat' dir='ltr'><strong>explicationis</strong></span> <span class='ocrx_word' id='word_1_512' title='bbox 555 2707 667 2750; x_wconf 86' lang='lat' dir='ltr'><strong>gratia</strong></span> <span class='ocrx_word' id='word_1_513' title='bbox 682 2708 878 2755; x_wconf 85' lang='lat' dir='ltr'><strong>adscriptae</strong></span> <span class='ocrx_word' id='word_1_514' title='bbox 898 2722 1040 2746; x_wconf 86' lang='lat' dir='ltr'><strong>sensum</strong></span> <span class='ocrx_word' id='word_1_515' title='bbox 1056 2712 1310 2757; x_wconf 86' lang='lat' dir='ltr'><strong>intelligamus,</strong></span> <span class='ocrx_word' id='word_1_516' title='bbox 1332 2712 1662 2760; x_wconf 84' lang='lat' dir='ltr'><strong>lexicographorum</strong></span> <span class='ocrx_word' id='word_1_517' title='bbox 1677 2712 1914 2749; x_wconf 87' lang='lat' dir='ltr'><strong>Arabicorum</strong></span> <span class='ocrx_word' id='word_1_518' title='bbox 1929 2726 2052 2759; x_wconf 90' lang='lat' dir='ltr'><strong>opera,</strong></span> <span class='ocrx_word' id='word_1_519' title='bbox 2082 2714 2306 2749; x_wconf 89' lang='lat' dir='ltr'><strong>temerarium</strong></span> 
     </span>
     <span class='ocr_line' id='line_1_41' title="bbox 112 2762 2306 2824; baseline 0.007 -26"><span class='ocrx_word' id='word_1_520' title='bbox 112 2762 210 2799; x_wconf 83' lang='lat' dir='ltr'><strong>enim</strong></span> <span class='ocrx_word' id='word_1_521' title='bbox 241 2765 277 2800; x_wconf 90' lang='lat' dir='ltr'><strong>id</strong></span> <span class='ocrx_word' id='word_1_522' title='bbox 295 2774 406 2810; x_wconf 84' lang='lat' dir='ltr'><strong>esset,</strong></span> <span class='ocrx_word' id='word_1_523' title='bbox 438 2768 470 2803; x_wconf 87' lang='lat' dir='ltr'><strong>si</strong></span> <span class='ocrx_word' id='word_1_524' title='bbox 489 2771 569 2817; x_wconf 85' lang='lat' dir='ltr'><strong>quis</strong></span> <span class='ocrx_word' id='word_1_525' title='bbox 596 2772 637 2807; x_wconf 83' lang='lat' dir='ltr'><strong>in</strong></span> <span class='ocrx_word' id='word_1_526' title='bbox 654 2780 753 2809; x_wconf 83' lang='lat' dir='ltr'><strong>tanta</strong></span> <span class='ocrx_word' id='word_1_527' title='bbox 771 2781 848 2810; x_wconf 88' lang='lat' dir='ltr'><strong>tum</strong></span> <span class='ocrx_word' id='word_1_528' title='bbox 867 2777 1060 2812; x_wconf 80' lang='lat' dir='ltr'><strong>verborum</strong></span> <span class='ocrx_word' id='word_1_529' title='bbox 1080 2785 1156 2813; x_wconf 90' lang='lat' dir='ltr'><strong>tum</strong></span> <span class='ocrx_word' id='word_1_530' title='bbox 1177 2779 1473 2824; x_wconf 84' lang='lat' dir='ltr'><strong>significationum</strong></span> <span class='ocrx_word' id='word_1_531' title='bbox 1492 2781 1808 2816; x_wconf 63' lang='lat' dir='ltr'><strong>multitudinesoli</strong></span> <span class='ocrx_word' id='word_1_532' title='bbox 1823 2781 2014 2815; x_wconf 89' lang='lat' dir='ltr'><strong>memoriae</strong></span> <span class='ocrx_word' id='word_1_533' title='bbox 2035 2781 2210 2815; x_wconf 83' lang='lat' dir='ltr'><strong>confidere</strong></span> <span class='ocrx_word' id='word_1_534' title='bbox 2230 2780 2306 2814; x_wconf 68' lang='lat' dir='ltr'><strong>vel-</strong></span> 
     </span>
     <span class='ocr_line' id='line_1_42' title="bbox 111 2828 2305 2893; baseline 0.006 -27"><span class='ocrx_word' id='word_1_535' title='bbox 111 2828 173 2867; x_wconf 74' lang='lat' dir='ltr'><strong>let.</strong></span> <span class='ocrx_word' id='word_1_536' title='bbox 235 2830 345 2876; x_wconf 86' lang='lat' dir='ltr'><strong>Quod</strong></span> <span class='ocrx_word' id='word_1_537' title='bbox 375 2846 460 2869; x_wconf 90' lang='lat' dir='ltr'><strong>vero</strong></span> <span class='ocrx_word' id='word_1_538' title='bbox 491 2839 682 2883; x_wconf 82' lang='lat' dir='ltr'><strong>quominus</strong></span> <span class='ocrx_word' id='word_1_539' title='bbox 712 2840 750 2875; x_wconf 89' lang='lat' dir='ltr'><strong>in</strong></span> <span class='ocrx_word' id='word_1_540' title='bbox 770 2842 919 2886; x_wconf 83' lang='lat' dir='ltr'><strong>singulis</strong></span> <span class='ocrx_word' id='word_1_541' title='bbox 937 2855 1074 2890; x_wconf 84' lang='lat' dir='ltr'><strong>semper</strong></span> <span class='ocrx_word' id='word_1_542' title='bbox 1093 2845 1152 2880; x_wconf 87' lang='lat' dir='ltr'><strong>fiat</strong></span> <span class='ocrx_word' id='word_1_543' title='bbox 1163 2873 1173 2888; x_wconf 93' lang='lat'>‚</span> <span class='ocrx_word' id='word_1_544' title='bbox 1204 2846 1313 2880; x_wconf 84' lang='lat' dir='ltr'><strong>nimia</strong></span> <span class='ocrx_word' id='word_1_545' title='bbox 1326 2873 1335 2888; x_wconf 96' lang='lat'><strong>,</strong></span> <span class='ocrx_word' id='word_1_546' title='bbox 1366 2859 1474 2892; x_wconf 88' lang='lat' dir='ltr'><strong>quam</strong></span> <span class='ocrx_word' id='word_1_547' title='bbox 1504 2848 1636 2890; x_wconf 85' lang='lat' dir='ltr'><strong>adfert,</strong></span> <span class='ocrx_word' id='word_1_548' title='bbox 1669 2847 1817 2893; x_wconf 81' lang='lat' dir='ltr'><strong>impedit</strong></span> <span class='ocrx_word' id='word_1_549' title='bbox 1844 2847 2015 2883; x_wconf 88' lang='lat' dir='ltr'><strong>molestia.</strong></span> <span class='ocrx_word' id='word_1_550' title='bbox 2075 2845 2305 2881; x_wconf 81' lang='lat' dir='ltr'><strong>Evolvendus</strong></span> 
     </span>
    </p>

    <p class='ocr_par' dir='ltr' id='par_1_12' title="bbox 1483 2914 1507 2947">
     <span class='ocr_line' id='line_1_43' title="bbox 1483 2914 1507 2947; baseline 0 0"><span class='ocrx_word' id='word_1_551' title='bbox 1483 2914 1507 2947; x_wconf 90' lang='lat' dir='ltr'><strong>h</strong></span> 
     </span>
    </p>
   </div>
  </div>
 </body>
</html>
