2488 3210
4 213 17 241 ’ξ

0 247 21 288 223:

1 457 12 513 i

58 475 152 520 *tum
172 468 365 516 verborum
386 487 463 514 tum
486 477 783 522 significationum
806 474 943 520 copiam
965 463 1184 517 colligerem,
1211 471 1347 517 primae
1371 483 1429 517 me
1452 479 1486 506 et
1509 471 1647 504 mediae
1664 469 1788 504 aetatis
1801 469 2020 514 potissimam
2037 466 2202 502 habuisse
2216 480 2275 501 ra-

6 521 10 534 Ι

1138 180 1196 207 vn

73 284 143 315 tur.
193 273 264 312 Sed
275 264 319 309 nt
339 269 424 308 huic
446 269 620 307 desiderio
646 267 807 310 satisfiat,
835 266 976 311 legendi
998 272 1082 312 sunt
1106 265 1279 311 cuiusque
1303 263 1387 298 artis
1412 262 1599 308 scriptores
1621 262 1666 296 ab
1689 261 1751 303 iis,
1786 261 1849 308 qui
1872 258 2001 295 harum
2023 271 2143 295 rerum
2166 260 2272 306 periti

74 316 222 381 mm>eo
238 341 384 388 quidem
400 338 570 380 consilio,
599 345 639 373 ut
655 334 827 370 vocabula
842 333 986 380 propria
1002 333 1094 374 sive,
1125 338 1166 366 ut
1181 331 1231 365 ita
1247 331 1382 372 dicam,
1409 328 1570 364 technica
1588 328 1800 373 colligantur
1815 335 1850 362 et
1870 328 2101 373 explicentur.

227 413 305 450 Iam
327 420 430 448 antea
456 413 611 452 dictum,
642 422 698 444 me
719 421 794 444 non
817 408 855 442 id
877 418 1033 448 curasse,
1066 412 1108 440 ut
1130 417 1171 439 ex
1186 404 1353 439 omnibus
1373 405 1613 450 cuiuscunque
1629 403 1767 448 generis
1784 409 1888 448 atque
1905 402 2026 436 aetatis
2043 401 2273 446 scriptoribus

75 548 222 584 tionem.
281 546 508 591 Quapropter
532 555 588 578 eas
611 541 899 586 significationes,
932 551 1026 586 quas
1034 539 1221 584 scriptores
1233 537 1367 572 Persici
1383 545 1417 572 et
1431 537 1576 572 Tui-cici
1589 536 1707 571 verbis
1722 532 1887 571 Arabicis
1903 535 2116 576 subiiciunt,
2145 534 2276 568 inferre

77 613 275 660 supersedi3
304 623 408 646 voces
431 611 529 645 enim
550 606 741 650 Arabicae,
772 618 859 653 quas
880 606 939 640 vel
954 605 1081 643 Persae
1103 606 1162 640 vel
1179 603 1318 639 Turcae
1339 605 1570 650 adoptarunt,
1599 610 1673 638 tam
1705 603 1861 637 multum
1884 603 1998 644 abest,
2044 608 2086 636 ut
2100 601 2139 634 in
2154 600 2278 645 lingua

78 678 232 716 Arabica
248 679 393 714 usitatas
416 675 660 711 conservarint
675 673 965 719 significationes,
990 678 1031 707 ut
1045 669 1143 706 haud
1156 683 1237 706 raro
1253 684 1319 717 pro
1334 671 1433 706 varia
1445 671 1631 717 utriusque
1647 670 1789 714 linguae
1810 669 1948 704 ratione
1967 675 2120 703 mutatas
2135 679 2278 712 accepe—

77 747 163 785 rint.
221 744 281 780 Tu
299 755 407 784 vero,
435 742 505 789 qui
528 742 668 776 lexicon
692 739 901 775 Arabicum
911 738 1119 773 omnimodo
1147 737 1464 782 significationibus
1489 749 1615 782 augere
1642 737 1785 779 suades,
1811 749 1886 771 non
1901 735 2034 770 videris
2051 734 2277 769 animadver-

79 819 172 854 tere,
195 811 282 847 istae
306 821 381 844 non
393 821 490 843 mere
504 805 678 843 Arabicae
695 806 967 851 significationes
983 816 1090 851 quam
1105 804 1208 839 facile
1223 816 1298 839 non
1315 805 1436 840 solum*
1448 804 1599 850 tirones,
1633 804 1694 838 sed
1711 804 1817 838 etiam
1841 800 1963 837 doctos
1979 802 2018 836 in
2036 814 2193 836 errorem
2211 802 2279 835 du-

79 884 171 914 eum.
218 876 344 924 Neque
359 875 456 911 enim
478 873 571 909 mihi
592 874 661 909 alia
677 885 798 915 causa,
833 884 896 907 cur
921 883 962 906 ex
978 871 1081 906 libris
1105 871 1198 906 male
1213 871 1370 916 scriptis,
1399 871 1520 917 quales
1543 877 1624 905 sunt
1642 871 1822 905 versiones
1837 876 1910 904 tam
1927 868 2055 903 'veteris
2071 881 2179 915 quam
2193 868 2280 903 novi

80 943 290 985 testamenti,
316 949 378 977 aut
392 953 576 987 nunquam
590 947 651 975 aut
665 952 810 986 perraro
828 939 887 974 vel
902 939 1035 974 formas
1050 938 1108 972 vel
1124 937 1398 982 significationes
1413 938 1676 979 adnotaverim,
1702 949 1747 971 ne
1763 937 1848 982 plus
1864 948 1977 971 noxae
1994 934 2281 982 quamntilitatis

81 1011 220 1046 adferre
237 998 380 1045 ‘viderer
401 1007 610 1052 legentibus.
670 1005 770 1050 Quae
794 1018 879 1041 vero
894 1015 998 1040 voces
1014 1003 1221 1050 peregrinae
1236 1011 1298 1039 aut
1313 1004 1568 1055 antiquissimis
1587 1004 1824 1050 temporibus,
1858 1004 1932 1049 ipse
1949 1003 2046 1036 enim
2070 1008 2174 1047 poeta
2189 1001 2282 1035 cele-

82 1077 260 1113 hei-timus
279 1072 424 1110 Ahscha
448 1072 606 1108 Persicas
629 1073 814 1108 admittere
837 1082 941 1106 voces
961 1083 1037 1105 non
1059 1070 1254 1113 dubitavit,
1289 1071 1333 1106 ab
1350 1069 1531 1106 Arabihus
1554 1071 1594 1104 in
1607 1071 1768 1115 linguam
1783 1077 1961 1115 receptae,
1991 1075 2054 1106 aut
2069 1081 2089 1103 a
2104 1068 2210 1103 bonis
2227 1080 2282 1102 se·-

83 1143 190 1181 rioris
213 1141 335 1177 aetatis
357 1141 604 1186 scriptoribus,
637 1139 778 1186 qualem
800 1138 987 1174 nominare
1011 1137 1127 1183 placet
1147 1135 1258 1172 Elm-
1269 1134 1561 1180 Arabschahum,
1597 1135 1776 1172 adhibitae
1800 1138 1986 1181 leguntur,
2021 1136 2065 1170 iis
2089 1135 2120 1170 si
2136 1135 2175 1169 in
2187 1135 2282 1169 libro

50 1209 67 1217 ‘⁷
83 1210 183 1251 loeus
204 1209 366 1250 daretur,
399 1219 526 1254 operae
551 1205 706 1252 pretium
732 1201 808 1240 fore
833 1205 1011 1252 putabam.
1073 1202 1187 1240 Voces
1210 1201 1476 1251 Geographicae
1501 1204 1718 1251 nominaque
1742 1205 1920 1238 clarorum
1941 1203 2104 1237 virorum
2122 1201 2283 1248 quamvis

85 1275 158 1312 sint
181 1273 456 1320 interpretandis
482 1272 714 1318 scriptoribus
736 1272 960 1314 adiumento,
1002 1276 1122 1305 tamen
1142 1277 1239 1305 extra
1263 1271 1381 1316 operis
1405 1270 1492 1305 fines
1516 1271 1630 1316 posita
1653 1269 1775 1308 habui.
1842 1269 1980 1306 Eorum
2002 1269 2098 1303 enim
2121 1269 2160 1303 in
2180 1268 2283 1303 libris

84 1339 250 1389 Arabicis
270 1337 367 1376 tanta
384 1328 494 1374 exstat
510 1338 721 1381 multitudo,
746 1345 787 1374 ut
804 1350 870 1373 nec
886 1337 1110 1382 dignioribus
1126 1337 1272 1383 quidem
1287 1336 1434 1372 concedi
1449 1337 1560 1384 possit
1575 1338 1675 1372 locus
1692 1344 1728 1373 et
1742 1336 1873 1373 horum
1889 1338 1935 1371 sit
1949 1336 2104 1371 difficilis
2118 1336 2284 1370 delectus.

85 1407 271 1445 Nonnulla
283 1412 421 1449 tamen,
448 1418 537 1453 quae
555 1412 700 1451 propter
713 1405 940 1452 praecipuam
959 1403 1168 1450 dignitatem
1181 1415 1257 1438 non
1273 1405 1468 1439 omittenda
1486 1405 1719 1447 videbantur,
1742 1405 1782 1438 in
1795 1405 1931 1440 librum
1946 1416 2065 1439 meum
2079 1403 2207 1448 recepi.

239 1479 338 1526 Quid
360 1482 457 1528 quod
483 1480 668 1515 nonnullis
688 1481 836 1514 fortasse
863 1491 938 1514 non
962 1480 1053 1514 bene
1067 1480 1200 1514 factum
1215 1479 1376 1521 videtur,
1408 1480 1505 1526 quod
1520 1480 1559 1514 in
1576 1480 1695 1515 verbis
1711 1480 1940 1515 construendi
1955 1479 2104 1514 modum
2120 1477 2286 1519 indicavi,

58 1542 62 1546 ἱ
88 1544 163 1584 non
185 1549 339 1583 eundem
362 1559 520 1593 semper,
554 1554 593 1581 ut
617 1546 696 1580 fieri
719 1546 824 1588 solet,
859 1546 1027 1592 exemplis
1053 1553 1087 1582 et
1107 1546 1303 1587 dilucidavi
1328 1553 1362 1580 et
1388 1547 1566 1582 exornavi.
1619 1546 1720 1591 Quae
1739 1559 1795 1582 res
1811 1559 2027 1594 quamquam
2042 1545 2232 1579 maximam
2248 1544 2287 1578 in

90 1615 135 1650 iis
146 1614 278 1656 lexicis,
304 1626 394 1660 quae
409 1613 539 1659 partim
559 1613 744 1648 scribendo
758 1613 888 1659 partim
909 1603 1089 1660 loquendo
1109 1611 1335 1655 adhibentur,
1361 1610 1490 1648 habeat
1503 1610 1715 1656 utilitatem',
1739 1621 1858 1649 tamen
1872 1614 2019 1648 omnino
2038 1624 2113 1647 non
2128 1623 2287 1646 necessa-

90 1681 146 1716 ria
158 1680 302 1715 videtur
310 1679 353 1713 in
369 1679 426 1722 iis,
451 1692 539 1726 quae
554 1677 670 1719 nihilo
685 1691 797 1725 paene
812 1679 883 1714 nisi
899 1678 1130 1726 scriptoribus
1149 1668 1389 1724 intelligendis
1403 1680 1614 1718 inserviunt.
1648 1678 1806 1723 Accedit,
1823 1681 1919 1728 quod
1933 1681 2038 1715 lexici
2049 1678 2197 1717 Arabici
2212 1687 2288 1715 tum

90 1747 284 1782 verborum
305 1753 383 1781 tum
406 1744 703 1790 significationum
726 1745 862 1781 ambitu
884 1747 1049 1791 completi
1069 1746 1214 1781 nomine
1239 1759 1314 1781 non
1334 1743 1435 1781 omni
1458 1748 1595 1782 ratione
1622 1747 1762 1793 indigni
1786 1760 1901 1794 neque
1926 1749 2038 1782 moles
2054 1760 2118 1782 nec
2133 1747 2289 1793 pretium

90 1824 242 1860 parvum
266 1823 339 1846 esse
356 1818 481 1857 potest.
531 1811 660 1846 Multis
677 1818 794 1846 autem
811 1812 1023 1858 scriptorum
1038 1812 1126 1847 locis
1139 1813 1300 1848 adductis
1314 1820 1348 1848 et
1365 1814 1544 1859 explicatis
1561 1827 1673 1861 quum
1687 1821 1728 1849 ut
1740 1815 1851 1849 moles
1867 1815 1915 1848 ita
1929 1815 2084 1860 pretium
2099 1815 2231 1849 mirum
2250 1814 2289 1848 in

90 1878 239 1914 modum
252 1884 430 1922 augeatur,
450 1877 528 1911 fieri
542 1889 617 1912 non
632 1884 756 1923 potest,
772 1885 813 1913 ut
827 1885 1002 1913 emtorum
1016 1891 1185 1914 numerus
1201 1891 1275 1915 non
1290 1880 1529 1922 deminuatur,
1556 1887 1590 1916 et
1605 1881 1769 1928 equidem
1785 1893 1860 1915 non
1874 1881 1993 1924 video,
2020 1882 2211 1928 quomodo,
2228 1881 2292 1927 qui

91 1942 155 1981 tali
168 1945 210 1980 in
222 1944 316 1980 libro
331 1943 468 1978 edendo
484 1938 618 1978 sumtus
633 1944 810 1990 posuerit,
837 1945 1048 1980 detrimento
1066 1946 1248 1984 liberetur.
1299 1946 1407 1991 Quod
1423 1947 1675 1983 detrimentum
1691 1960 1761 1994 quo
1780 1949 1908 1983 certius
1923 1955 2071 1991 caveret,
2094 1949 2157 1995 qui
2174 1949 2291 1994 operis

92 2011 263 2057 vulgandi
275 2022 405 2046 curam
424 2018 622 2056 susceperat
643 2011 699 2046 vir
718 2008 905 2054 honestus,
936 2018 977 2047 ut
992 2019 1163 2047 statutum
1176 2013 1348 2049 folionun
1366 2026 1556 2049 numerum
1571 2027 1646 2050 non
1666 2016 1866 2058 excederet,
1887 2016 2131 2050 conditionem
2152 2016 2290 2052 tulerat.

93 2077 168 2114 Nec
189 2090 275 2117 vero
299 2089 363 2122 ego
389 2077 473 2112 satis
495 2077 620 2112 mirari
643 2089 752 2124 quet),
786 2079 883 2124 quod
910 2078 949 2113 in
964 2079 1094 2125 duplo,
1117 2092 1224 2126 quam
1246 2080 1478 2116 constitutum
1494 2089 1587 2124 erat,
1611 2082 1747 2117 maiore
1762 2082 1932 2117 foliorum
1947 2095 2115 2125 numero,
2142 2095 2182 2117 ea
2197 2082 2292 2116 enim

92 2139 162 2180 fuit
184 2144 255 2179 viri
280 2141 502 2185 humanitas,
529 2155 594 2178 nec
617 2144 746 2178 edendi
765 2145 883 2190 operis
905 2145 1149 2189 difficultatem
1174 2158 1289 2193 neque
1304 2147 1576 2193 vituperationis
1591 2160 1732 2183 causam
1745 2149 1894 2191 viderit,
1920 2161 2011 2195 quae
2026 2162 2082 2184 res
2095 2157 2136 2184 ut
2151 2162 2228 2184 mea
2244 2150 2292 2184 ita

94 2211 275 2253 munium,
299 2210 429 2257 quibus
445 2210 545 2245 cordi
559 2208 625 2244 hae
642 2210 779 2246 litterae
798 2219 900 2254 sunt,
924 2212 1030 2247 laude
1047 2219 1080 2247 et
1099 2213 1209 2257 gratia
1226 2214 1332 2258 digna
1349 2211 1525 2252 habenda.
1584 2213 1662 2260 Ego
1678 2228 1763 2251 vero
1778 2214 2092 2262 reprehensionem
2107 2217 2293 2251 doctorum

94 2286 170 2312 non
181 2288 324 2319 vereor,
359 2277 475 2323 quod,
508 2277 762 2322 praetermissis
785 2278 904 2313 minus
928 2280 1152 2322 necessariis,
1175 2281 1238 2333 'eos
1263 2287 1402 2316 tantum
1417 2282 1514 2316 locos
1530 2282 1794 2326 adnotaverim,
1820 2283 1883 2330 qui
1896 2290 1956 2318 aut
1974 2284 2057 2330 quia
2072 2297 2137 2329 pro
2152 2284 2293 2328 linguae

95 2341 269 2379 Arabicae
290 2343 427 2378 ratione
442 2344 597 2380 multum
613 2354 633 2379 a
647 2351 768 2380 nostra
783 2351 860 2379 tum
874 2346 1052 2391 cogitandi
1067 2353 1145 2382 tum
1161 2347 1335 2395 loquendi
1351 2349 1459 2384 modo
1475 2347 1735 2393 abhorrebant,
1769 2356 1831 2386 aut
1848 2350 1954 2385 aliam
1967 2351 2015 2386 ob
2031 2363 2171 2386 causam
2188 2351 2294 2386 omit-

95 2409 195 2446 tendi
215 2422 291 2445 non
305 2418 416 2447 erant.

225 2499 228 2502 Δ
247 2473 413 2525 Alterum
429 2485 548 2513 autem
565 2484 617 2512 est
628 2500 638 2520 ·,
663 2478 702 2512 in
720 2485 791 2525 quo
807 2479 910 2515 lexici
927 2479 1068 2515 bonitas
1086 2480 1255 2524 cernitur,
1281 2488 1322 2518 ut
1339 2483 1410 2518 sint
1427 2482 1700 2528 significationes
1718 2485 1911 2520 verborum
1926 2492 2022 2520 extra
2037 2497 2181 2520 omnem
2190 2486 2296 2520 dubi-

97 2542 267 2577 tationem
282 2544 427 2589 positae.
475 2542 576 2588 Quae
593 2544 689 2579 enim
706 2545 745 2579 in
766 2545 1042 2591 interpretandis
1059 2548 1290 2594 scriptoribus
1306 2550 1383 2584 veri
1403 2562 1525 2585 sensus
1540 2551 1626 2585 fides
1643 2563 1715 2585 esse
1733 2558 1868 2597 potest,
1894 2552 1964 2585 nisi
1980 2553 2173 2587 verborum
2188 2552 2298 2597 signi-

97 2609 276 2644 ficationes
299 2609 371 2646 sint
395 2611 587 2656 probatae?
638 2608 757 2658 Atque
790 2611 828 2646 in
853 2610 922 2647 hoc
943 2613 1127 2659 pravitatis
1150 2627 1276 2660 genere
1297 2616 1505 2663 multiplicis
1521 2618 1652 2653 erroris
1664 2619 1746 2652 fons
1760 2619 1862 2661 latet,
1887 2619 2034 2665 quiquo
2053 2619 2299 2667 difficilior-est

96 2674 237 2720 lingua,
263 2687 304 2733 eo
319 2675 449 2721 largius
463 2684 593 2714 manat.
651 2676 748 2713 Haec
767 2679 875 2724 igitur
887 2679 1002 2715 virtus
1015 2680 1056 2715 ut'
1075 2681 1114 2716 in
1130 2682 1243 2717 lexico
1262 2695 1342 2718 meo
1361 2690 1469 2726 esset,
1497 2685 1567 2720 duo
1583 2682 1676 2719 mihi
1691 2692 1792 2720 erant
1809 2685 1981 2729 videnda,
2007 2699 2120 2721 unum
2136 2693 2176 2721 ut
2194 2686 2299 2721 bonis

97 2747 235 2776 tantum
258 2753 276 2776 e
301 2742 460 2778 fontibus
483 2741 682 2787 haurirem,
709 2745 861 2781 alterum
884 2753 926 2782 ut
948 2748 1098 2784 multam
1118 2749 1157 2784 in
1172 2749 1489 2795 significationibus
1507 2752 1718 2787 definiendis
1735 2753 1934 2789 cautionem
1949 2751 2166 2791 adhiberem.
2218 2752 2299 2787 Pri-

97 2819 198 2843 mum
212 2809 255 2844 de
270 2809 430 2845 fontibus
446 2809 549 2845 lexici
562 2811 632 2846 mei
649 2811 774 2849 dicam.
