2488 3210
0 371 20 412 “ae
0 235 22 371 ιωπ-ητνεῑ,
6 205 23 227 :3-
6 170 19 179 ρ

0 435 13 473 ·-›

1129 216 1182 241 XV

12 308 243 370 spolitino
267 313 383 342 essent
407 305 539 347 radici,
571 314 696 346 voces,
727 302 888 349 proxime
914 304 1148 345 sequerentur
1174 310 1253 334 eam
1271 299 1311 333 in
1339 300 1532 335 verborum
1558 300 1657 336 serie.
1718 298 1859 340 Ceteras
1876 299 1991 343 igitur
2016 309 2139 332 omnes
2158 304 2259 334 ante-

62 377 201 417 ὼε
217 385 344 416 voees,
377 373 508 420 quihus
532 377 615 407 sunt
638 377 710 407 tres
735 363 894 411 litterae,
926 372 1005 415 tum
1030 370 1229 411 sequuntur
1246 375 1349 399 voces
1376 372 1530 411 quatuor
1546 371 1608 400 aut
1631 365 1750 410 plures
1775 362 1966 407 habentes,
2000 364 2155 411 denique
2177 371 2260 399 sunt

35 442 197 491 «punitae
218 452 325 476 voces
351 441 391 476 in
418 440 522 475 initio
550 450 623 474 una
647 437 763 472 littera
791 441 922 470 auctae.
983 431 1181 468 Radicibus
1207 432 1338 478 quibus
1358 439 1442 467 sunt
1458 439 1612 478 quatuor
1628 432 1685 466 vel
1705 432 1863 478 quinque
1883 431 2038 473 litterae,
2063 432 2261 477 proprium,

1 513 17 550 j<
57 510 259 547 ltu-amm
284 507 448 542 ordinem
470 513 700 546 conservans,
741 503 860 537 locum
886 499 1060 542 concessi,
1109 499 1280 544 putabam
1305 499 1401 533 enim
1425 500 1522 541 fore,
1561 505 1602 533 ut
1629 499 1659 533 si
1684 511 1705 534 a
1730 506 1870 544 recepto
1898 499 2024 533 ordine
2050 499 2262 541 recederem,

0 555 13 615 {J
62 575 258 624 quaerendi
283 573 445 609 facilitati
470 571 711 611 consulerem,
753 575 788 603 et
815 578 1030 614 quamquam
1057 577 1179 600 earum
1200 565 1321 611 plures
1338 578 1358 599 a
1378 565 1513 607 verbis,
1556 577 1646 611 quae
1664 565 1779 599 tribus
1793 564 1922 599 litteris
1940 572 2122 607 constant,
2164 565 2261 599 deri-

0 653 7 670 s
61 641 215 692 guntur,
245 637 501 687 pluveretiam
527 643 629 678 sunt,
664 646 753 682 quae
776 634 951 670 diversam
975 632 1152 668 rationem
1178 638 1383 679 sequantur.
1444 630 1496 668 Ut
1520 631 1605 666 vero
1630 631 1670 665 in
1696 630 1823 666 litteris
1847 631 1935 665 ordo
1954 638 2006 665 est
2025 629 2261 673 adhibendus,

62 709 114 746 ia
132 708 178 746 in
194 706 385 744 {voe-libus
409 715 485 740 non
509 703 752 749 negligendus.
828 698 1054 736 Antecedunt
1088 711 1130 734 ex
1162 699 1310 734 vocibus
1345 699 1471 733 eodem
1505 699 1704 734 litterarum
1731 710 1881 733 numero
1908 698 2144 743 gaudentibus
2171 710 2260 745 quae

62 772 288 814 nammis
297 770 557 813 enunciantur3
591 780 682 816 quae
706 767 844 802 duabus
869 766 928 801 vel
954 765 1141 812 pluribus,
1176 771 1384 811 sequuntur.
1444 764 1567 799 Primo
1593 765 1672 799 loco
1699 770 1782 798 sunt
1810 764 1944 809 positae
1971 775 2095 806 voces,
2130 764 2261 810 quibus

61 856 116 887 est
131 839 273 886 {voe-'lis
289 846 422 891 Fatha,
453 854 531 883 tum
544 836 714 892 ‘sequitur
737 844 869 879 vocalis
885 842 1014 885 Kesre,
1048 842 1201 888 denique
1225 842 1356 876 vocalis
1372 839 1550 878 Dhamma
1567 849 1601 876 et
1617 839 1684 876 hoc
1700 841 1847 888 quidem
1862 841 1970 875 modo
2015 839 2052 888 1)
2070 825 2154 884 &ii-⁷2,
2178 826 2261 895 5:25⁷,

61 911 159 971 ’133ἱῖ
180 913 323 974 ἣδε,
346 915 429 982 ἂ-ξῖ,
452 909 535 967 3³:²35
575 913 713 977 5),>-;ξ,
737 922 819 976 ilfi,
844 904 924 977 διὲξ
966 918 1007 968 4)
1025 904 1105 962 ,Li-3»,
1129 902 1211 974 dex-3,
1236 903 1315 962 &233
1351 931 1416 954 nec
1434 919 1537 955 aliter
1553 919 1592 952 in
1611 919 1745 955 ceteris.

186 1057 191 1065 ³
218 1042 291 1081 Sed
319 1043 477 1090 exposito
512 1043 704 1077 verborum
731 1019 887 1082 xordine,
951 1037 1116 1083 deinceps
1142 1037 1186 1072 de
1212 1036 1530 1082 significationibus
1555 1039 1747 1078 dicendum
1774 1044 1836 1074 est.
1906 1036 2049 1081 Quibus
2074 1037 2114 1071 in
2140 1037 2262 1083 dispo-

66 1112 196 1157 nendis
221 1118 275 1148 est
298 1111 389 1146 ratio
415 1109 564 1156 duplex,
615 1121 700 1143 nam
725 1114 786 1142 aut
813 1120 832 1141 e
851 1107 976 1142 radice
1004 1112 1066 1140 aut
1090 1116 1162 1139 una
1189 1116 1230 1138 ex
1256 1105 1366 1145 altera
1392 1113 1475 1140 sunt
1501 1106 1688 1141 derivatae.
1747 1103 1942 1151 Utriusque
1968 1104 2058 1139 ratio
2086 1102 2261 1147 habenda,

65 1181 110 1216 ut*
129 1164 429 1227 quemadmodum
454 1177 525 1212 sint
548 1176 744 1218 derivatae,
781 1175 858 1221 ipso
882 1174 1008 1209 ordine
1032 1173 1209 1218 adpareat.
1269 1168 1530 1217 Anteponenda
1555 1170 1764 1215 significatio
1780 1170 1964 1216 princeps,
1990 1169 2261 1214 significationes

65 1246 160 1297 inter
193 1256 230 1280 se
264 1242 491 1279 cohaerentes
525 1243 603 1277 loco
639 1240 906 1286 coniungendae
933 1246 967 1274 et
993 1251 1063 1286 quo
1090 1238 1203 1283 magis
1230 1239 1321 1273 absit
1347 1251 1367 1272 a
1393 1239 1511 1273 radice
1538 1238 1765 1283 significatio,
1810 1249 1851 1272 eo
1878 1237 2107 1271 remotiorem
2132 1235 2262 1271 habeat

26 1348 30 1358 ι
62 1308 213 1349 leem<
254 1309 307 1346 Id·
325 1322 433 1357 quam
462 1309 506 1343 sit
533 1308 677 1343 difficile
702 1309 818 1350 factu,
843 1306 1025 1341 neminem
1045 1306 1238 1341 Arabicam
1263 1307 1423 1351 linguam
1453 1308 1640 1341 callentem
1656 1307 1784 1351 fugiet,
1812 1313 1863 1340 est
1880 1306 1977 1340 enim
1994 1305 2133 1350 saepius
2151 1304 2261 1348 signi-

63 1378 203 1421 ωε),
243 1388 352 1425 quam
376 1376 450 1412 dixi
477 1387 550 1411 esse
575 1374 789 1422 principem,
815 1380 877 1408 aut
901 1373 1049 1408 omnino
1077 1373 1212 1416 deleta,
1255 1380 1317 1408 aut
1348 1373 1398 1408 ita
1431 1380 1586 1416 mutata,
1634 1379 1675 1407 ut
1708 1372 1872 1417 cognosci
1907 1378 2071 1418 nequeat.
2141 1370 2265 1415 Signi-

23 1435 28 1443 ’
63 1446 244 1483 stationes
259 1445 361 1499 (ipsas
383 1443 558 1479 derivatas
584 1444 684 1477 tanta
710 1441 891 1479 interdum
923 1441 1034 1476 subiit
1057 1441 1207 1476 mutatio
1221 1467 1233 1483 ,
1279 1447 1320 1475 ut
1343 1441 1534 1487 quominus
1552 1440 1627 1474 eius
1648 1452 1730 1488 cum
1748 1439 1909 1485 principe
1931 1438 2179 1483 cognationem
2203 1438 2262 1472 in-

65 1512 284 1558 alligamus,
308 1511 556 1558 impediamur.
607 1508 710 1545 Tum
730 1509 992 1554 disparentibus
1018 1521 1059 1543 ex
1088 1508 1389 1553 significationum
1416 1508 1505 1543 serie
1530 1507 1714 1554 pluribus,
1749 1505 1937 1540 derivandi
1963 1505 2052 1539 ordo
2081 1516 2156 1539 non
2179 1516 2260 1538 raro

65 1580 285 1641 interruptus
309 1585 372 1615 est.
422 1577 571 1613 Collatis
598 1577 743 1623 quidem
767 1576 861 1610 inter
884 1587 919 1609 se
946 1576 1105 1611 dialectis
1129 1576 1306 1620 cognatis,
1339 1574 1417 1609 fieri
1445 1581 1580 1620 potest,
1619 1581 1660 1608 ut
1684 1585 1774 1619 quae
1801 1572 1840 1606 in
1860 1584 1934 1606 una
1950 1571 2064 1605 deleta
2081 1571 2125 1606 sit
2151 1571 2263 1616 signi-

52 1638 183 1682 'ficatio
204 1645 390 1692 princeps,
421 1644 461 1678 in
482 1643 598 1678 altera
619 1643 806 1688 adpareat,
842 1642 904 1675 sed
932 1654 1039 1688 quam
1066 1642 1114 1677 sit
1139 1643 1177 1677 id
1203 1643 1379 1676 incertum
1406 1648 1440 1675 et
1462 1641 1720 1686 periculosum,
1747 1638 1917 1673 sexcentis
1934 1638 2005 1671 iam
2020 1637 2158 1672 dudum
2177 1650 2262 1684 pro-

65 1713 190 1748 batum
213 1711 283 1747 fuit
307 1709 492 1755 exemplis,
517 1708 643 1743 incidit
669 1708 766 1742 enim
787 1707 827 1740 in
851 1706 1027 1753 Scyllam,
1053 1708 1116 1754 qui
1138 1709 1217 1743 vult
1241 1708 1352 1742 vitare
1376 1705 1609 1753 Charybdim.
1668 1703 1717 1740 Et
1745 1705 1902 1750 profecto
1924 1703 1988 1750 qui
2007 1703 2094 1737 vel·
2084 1716 2123 1737 111
2141 1704 2262 1749 lingua

64 1777 228 1814 Hebraea
252 1777 310 1812 vel
325 1773 479 1813 Arabica
504 1774 543 1809 id
566 1774 733 1820 perficere
759 1779 961 1815 tentarunt,
1000 1773 1152 1808 infelicis
1178 1780 1325 1809 eventus
1351 1774 1519 1819 exemplis
1542 1784 1608 1807 nos
1632 1784 1780 1807 monere
1804 1779 1908 1818 atque
1925 1772 2102 1806 deterrere
2119 1771 2261 1808 debent.

18 1832 24 1839 Ι
64 1844 185 1881 Multo
210 1855 296 1878 vero
320 1853 397 1877 rem
425 1853 499 1876 esse
521 1840 756 1875 difficiliorem
777 1839 816 1873 in
832 1837 955 1884 lingua
971 1835 1146 1883 Arabica,
1180 1853 1288 1887 quam
1314 1842 1354 1875 in
1379 1841 1449 1875 alia
1467 1851 1698 1886 quacunque,
1732 1846 1811 1874 tum
1837 1850 1879 1872 ex
1898 1850 1961 1880 eo,
1996 1837 2094 1884 quod
2108 1838 2262 1872 maxima

66 1919 118 1949 est
141 1910 439 1957 significationum
463 1908 678 1949 multitudo,
704 1914 781 1941 tum
809 1907 905 1952 quod
928 1918 1056 1952 parum
1082 1907 1175 1941 inter
1202 1919 1237 1941 se
1256 1920 1349 1943 nexu
1365 1904 1571 1948 cohaerent,
1607 1906 1828 1950 intelligitur.
1880 1903 1980 1940 Gens
1998 1902 2162 1940 Arabum
2173 1911 2261 1940 'ante

64 1971 330 2015 Mulxaxmnedis
355 1983 493 2022 tempus
520 1974 632 2009 divisa
657 1973 697 2006 in
723 1973 837 2007 varias
863 1973 997 2015 trihus,
1046 1985 1136 2020 quae
1162 1967 1274 2020 quum
1298 1985 1465 2018 magnam
1491 1962 1667 2008 terrarum
1693 1969 1856 2006 Orientis
1881 1978 2020 2017 partem
2053 1972 2260 2015 incolerent,

62 2051 105 2081 ut
128 2035 274 2080 vivendi
298 2043 436 2078 ratione
462 2041 511 2076 sic
538 2040 698 2074 moribus
724 2039 981 2085 discrepabant.
1034 2039 1133 2084 Quot
1157 2040 1266 2085 igitur
1290 2040 1421 2081 tribus,
1465 2046 1517 2074 tot
1542 2039 1683 2091 linguae
1720 2034 1895 2072 Arabicae
1921 2037 2081 2081 dialecti,
2125 2045 2160 2074 et
2184 2040 2262 2074 ficri

63 2123 140 2149 non
161 2092 297 2158 potuit,
332 2107 443 2155 quin,
477 2106 540 2154 qui
563 2106 699 2140 variam
729 2105 768 2138 in
795 2104 942 2139 diversis
964 2105 1170 2149 regionibus
1198 2113 1232 2141 et
1262 2107 1464 2143 climatibus
1490 2105 1637 2140 vivendi
1657 2105 1834 2138 rationem
1854 2111 2102 2151 sequerentur,
2127 2107 2263 2141 variam

64 2187 206 2228 quoque
240 2181 276 2211 et
299 2173 445 2209 vivendi
470 2172 603 2211 rationi
628 2172 933 2207 accommodatum
958 2172 1130 2218 loquendi
1155 2174 1303 2209 modum
1332 2174 1541 2209 excolerent.
1610 2171 1770 2207 Multum
1793 2184 1938 2218 quoque
1963 2173 2047 2208 fecit
2072 2173 2118 2207 ad
2144 2174 2261 2208 varias

63 2243 205 2291 linguae
241 2239 421 2277 Arabicae
445 2239 614 2275 dialectos
647 2239 855 2273 excolendas
888 2245 993 2285 atque
1030 2241 1271 2287 exornandaS,
1313 2252 1481 2285 magum,
1523 2239 1586 2286 qui
1621 2239 1715 2274 inter
1740 2239 1898 2283 singulas
1922 2240 2037 2274 tribus
2071 2240 2260 2282 florebant,

15 2335 20 2340 .
61 2318 248 2360 poetarum
276 2318 466 2350 numerus,
502 2319 656 2354 quorum
680 2306 829 2352 quisque
855 2318 921 2352 pro
946 2305 1081 2353 ingenii
1102 2307 1158 2341 sui
1182 2307 1336 2349 ratione,
1370 2306 1467 2341 varie
1491 2305 1718 2351 locupletavit
1734 2305 1904 2350 linguam.
1970 2305 2023 2341 Ita
2039 2307 2190 2349 factum,
2221 2314 2263 2342 ut

62 2378 184 2431 lingua
208 2374 362 2412 Arabica
387 2375 558 2410 immensa
584 2374 778 2409 verborum
803 2374 921 2420 copia,
975 2375 1068 2409 nulli
1103 2374 1174 2409 nisi
1213 2374 1327 2420 poetis
1351 2370 1563 2409 usitatorum
1589 2374 1749 2418 gaudeat.
1829 2373 1928 2418 Quas
1953 2381 2071 2409 autern
2105 2373 2261 2408 diversas

62 2442 225 2482 Arabum
263 2442 378 2478 trihus
423 2453 534 2489 quum
567 2438 840 2475 Muhammedes
883 2440 923 2474 in
955 2453 1070 2476 unum
1102 2441 1278 2487 populum
1311 2440 1569 2483 coniunxisset,
1620 2441 1769 2474 istarum
1810 2421 2043 2475 dialectoriim
2074 2440 2262 2475 diversitas

19 2545 21 2547 .
61 2522 178 2560 paene
190 2510 326 2551 sublata
349 2509 434 2552 fuit,
460 2515 495 2543 et
511 2506 778 2543 Muhammedis
799 2508 893 2552 lege,
920 2504 1104 2542 Alkorano
1120 2508 1270 2551 scilicet,
1305 2520 1412 2555 quam
1429 2519 1552 2542 omnes
1570 2507 1788 2553 probabant,
1821 2504 2127 2541 Koraischitarum
2148 2507 2261 2542 diale—

27 2615 32 2617 ,
64 2585 140 2614 ctus
156 2568 335 2622 regnavit,
370 2576 419 2610 ita
444 2581 485 2610 ut
511 2575 549 2608 in
567 2574 671 2612 istam
687 2581 819 2608 ceterae
837 2580 959 2609 omnes
977 2582 1147 2622 tanquam
1162 2576 1200 2610 in
1216 2588 1357 2611 ramum
1374 2575 1506 2610 surculi
1522 2575 1773 2610 insererentur.
1825 2572 1921 2608 Hinc
1942 2573 2052 2621 igitur
2069 2580 2166 2608 tanta
2185 2581 2258 2609 tam

61 2645 274 2686 verborum,
317 2653 424 2689 quam
447 2639 746 2686 significationum
772 2639 945 2674 immensa
970 2641 1185 2685 multitudo,
1233 2654 1305 2689 qua
1330 2642 1454 2687 lingua
1480 2639 1633 2676 Arabica
1659 2641 1892 2686 locupletata,
1942 2641 2015 2676 imo
2042 2641 2170 2677 obruta
2197 2649 2260 2685 est,

61 2711 148 2749 hinc
185 2709 248 2746 illa
282 2709 322 2743 in
353 2706 582 2754 disponendis
617 2705 933 2751 significationibus
967 2707 1122 2742 maxima
1156 2708 1356 2745 difficultas.
1423 2706 1550 2742 Plures
1585 2707 1681 2741 enim
1708 2706 1909 2753 saepissime
1934 2719 1977 2741 ex
2002 2707 2075 2742 illis
2100 2708 2259 2744 dialectis

61 2785 160 2816 ortae
185 2782 269 2814 sunt
294 2773 564 2821 significationes
589 2773 787 2820 principes,
834 2774 1058 2820 multumque
1092 2776 1186 2811 inter
1211 2788 1248 2811 se
1274 2776 1530 2822 discrepantes,
1581 2776 1702 2821 plures
1729 2787 1870 2822 quoque
1897 2774 2170 2820 significationes
2196 2778 2259 2812 de-

2204 2822 2228 2851 J

0 2866 5 2871 ·
62 2847 213 2889 rivatae,
264 2856 353 2892 quae
379 2855 461 2879 cum
495 2842 555 2878 illa
582 2843 743 2890 principe
769 2855 844 2878 non
871 2840 1070 2881 cohaerent.
1139 2841 1195 2878 Ex
1229 2856 1300 2891 quo
1326 2843 1465 2878 facilius
1491 2842 1723 2888 intelligitur,
1771 2854 1847 2877 non
1872 2854 1973 2888 posse
2000 2854 2124 2878 omnes
2149 2840 2260 2878 limus
